2425 3423
1900 279 2014 321 2337

970 487 1234 532 MDOXIV.

136 581 350 625 GRANT
418 581 504 625 BY
568 580 835 624 MORGAN
897 579 982 622 AB
1049 579 1176 622 OEN
1240 579 1316 622 ΤΟ
1380 577 1654 621 MARGAN
1713 577 1929 621 ABBEY
1991 575 2069 618 OF

275 663 402 706 ALL
454 662 584 705 THE
644 661 819 705 LAND
875 661 953 704 OF
1016 659 1506 704 HAVODHALAUO
1566 659 1879 704 BETWEEN
1938 657 2069 701 THE

278 745 579 788 KENEFEG
646 744 780 787 AND
856 742 1151 786 BAITHAN
1220 742 1496 795 WATERS,
1561 742 1644 785 AT
1702 743 1747 785 A
1807 740 2070 785 YEARLY

282 827 451 870 RENT
503 827 580 869 OF
632 825 905 871 TWENTY
947 824 1299 868 SHILLING-S.

843 924 1072 982 [MARGAM
1103 923 1360 980 CHARTER]

1356 1007 1592 1050 BETWEEN
1627 1009 1737 1050 1214
1767 1022 1859 1050 ΛΝΒ
1893 1008 2017 1049 1229.

192 1115 339 1158 Sciant
359 1129 401 1170 p.
425 1117 468 1156 et
497 1114 528 1156 f.
561 1130 599 1170 q.
634 1130 668 1156 e.
705 1114 957 1156 MORGANUS
988 1113 1100 1156 filius
1130 1113 1229 1156 ΟΕΝ
1261 1115 1435 1157 consilio
1466 1118 1508 1158 et
1540 1130 1744 1158 consensu
1774 1116 2005 1158 amicorum
2035 1118 2078 1158 et

135 1205 339 1247 heredum
360 1219 552 1248 meorum
572 1205 672 1247 dedi
692 1209 734 1247 et
755 1220 788 1247 c.
812 1208 853 1247 et
872 1205 914 1248 h.
938 1221 971 1248 c.
996 1220 1051 1248 m.
1075 1206 1319 1248 confirmavi
1349 1205 1405 1248 D.
1438 1208 1480 1248 et
1514 1239 1521 1248 .
1545 1221 1580 1248 e.
1604 1206 1656 1249 B.
1692 1206 1754 1249 M.
1788 1207 1840 1249 de
1871 1206 2077 1248 MARGAN

137 1298 180 1338 et
199 1310 255 1337 m.
279 1295 306 1337 i.
330 1295 385 1337 D.
419 1311 450 1338 s.
482 1296 528 1338 in
559 1310 711 1350 puram
741 1296 1014 1338 elemosinam
1044 1299 1178 1339 totam
1208 1300 1367 1340 terram
1397 1298 1449 1339 de
1480 1297 1831 1340 HAUODHALAUC
1861 1313 1943 1353 que
1969 1297 2082 1354 jacet

134 1385 246 1428 inter
276 1386 381 1427 duas
411 1400 541 1441 aquas
583 1385 741 1428 scilicet
783 1385 1009 1429 KENEFEG
1055 1389 1098 1429 et
1142 1387 1357 1430 ΒΑΙΤΗΑΝ
1392 1421 1400 1430 .
1433 1391 1475 1430 et
1505 1403 1581 1443 per
1616 1388 1772 1431 divisas
1806 1404 1902 1431 suas
1937 1404 2081 1432 versus

133 1479 337 1518 montana
379 1509 388 1518 .
429 1476 675 1519 habendum
715 1479 758 1518 et
792 1478 1026 1519 tenendum
1066 1478 1118 1519 de
1158 1493 1226 1520 me
1255 1481 1297 1520 et
1333 1478 1558 1521 heredibus
1593 1479 1698 1521 meis
1727 1479 1773 1521 in
1812 1483 2078 1535 perpetuum.

136 1566 372 1609 Reddendo
411 1566 512 1608 inde
551 1566 681 1608 michi
719 1569 761 1608 et
800 1566 1025 1609 heredibus
1064 1569 1168 1610 meis
1200 1569 1356 1625 viginti
1396 1570 1550 1613 solidos
1580 1571 1635 1612 ad
1675 1571 1780 1612 duos
1829 1571 2031 1613 terminos
2073 1604 2082 1613 .

132 1657 289 1700 scilicet
309 1658 364 1700 ad
385 1657 566 1699 PASCHA
586 1658 731 1700 decem
752 1658 906 1700 solidos
927 1661 968 1700 et
990 1660 1045 1701 ad
1079 1659 1238 1702 festum
1262 1659 1406 1703 Sancti
1435 1661 1695 1703 MwHAEms
1722 1662 1866 1704 decem
1897 1662 2050 1704 solidos
2074 1697 2081 1704 .

133 1763 208 1804 pro
241 1749 357 1791 omni
393 1749 568 1791 servicio
598 1751 640 1790 et
681 1750 985 1793 consuetudine
1027 1753 1069 1792 et
1100 1752 1317 1794 exactione
1348 1752 1524 1794 seculari
1557 1786 1565 1794 .
1599 1752 1733 1796 Hanc
1754 1757 1897 1796 autem
1928 1757 2085 1796 terram

132 1838 232 1881 dedi
262 1839 321 1881 eis
345 1872 353 1880 .
376 1843 425 1880 ut
446 1838 632 1881 habeant
660 1841 702 1881 et
735 1842 910 1907 teneant
941 1855 1034 1883 eam
1064 1842 1117 1883 de
1147 1857 1214 1884 me
1245 1844 1287 1884 et
1318 1842 1543 1885 heredibus
1573 1844 1678 1886 meis
1707 1844 1735 1886 1.
1768 1846 1812 1886 et
1841 1860 1879 1900 q.
1904 1848 1946 1886 et
1975 1859 2016 1900 p.
2039 1844 2086 1886 in

134 1929 257 1972 bosco
279 1932 321 1972 et
342 1930 470 1986 plano
504 1929 550 1971 in
571 1930 699 1972 moris
729 1932 772 1972 et
799 1931 987 1973 mariscis
1016 1966 1024 1974 .
1057 1932 1103 1974 in
1124 1933 1256 1987 pratis
1276 1936 1320 1975 et
1350 1933 1533 1988 pasturis
1563 1968 1571 1976 .
1603 1934 1649 1976 in
1671 1934 1751 1976 viis
1781 1938 1823 1977 et
1853 1935 2012 1977 semitis
2043 1934 2090 1976 in

135 2021 255 2076 aquis
287 2023 331 2062 et
362 2020 618 2062 molendinis
651 2024 695 2063 et
729 2021 773 2062 in
810 2021 1006 2064 omnibus
1039 2023 1132 2065 aliis
1164 2023 1288 2066 rebus
1328 2024 1435 2066 sicut
1466 2025 1555 2066 ulla
1583 2025 1810 2067 elemosina
1838 2025 2012 2068 liberius
2042 2028 2085 2068 et

131 2111 317 2167 quietius
352 2111 488 2153 teneri
523 2114 662 2166 potest
694 2114 737 2154 et
771 2111 918 2154 haberi
955 2147 963 2155 .
1003 2112 1128 2156 Salvo
1161 2115 1267 2157 mihi
1300 2118 1341 2157 et
1375 2115 1600 2157 heredibus
1621 2116 1724 2158 meis
1745 2131 1888 2158 annuo
1908 2117 2079 2159 redditu

128 2202 286 2258 viginti
316 2201 547 2244 solidorum
578 2202 685 2244 sicut
715 2202 955 2258 predictum
986 2207 1060 2246 est.
1123 2203 1252 2247 Hanc
1283 2207 1425 2247 autem
1454 2208 1612 2248 terram
1639 2221 1717 2262 ego
1739 2212 1780 2249 et
1800 2206 1974 2250 heredes
1994 2207 2079 2250 mei

131 2292 501 2336 warantizabimus
535 2292 735 2348 predictis
777 2293 994 2336 monachis
1033 2294 1079 2336 in
1113 2299 1366 2351 perpetuum
1406 2298 1448 2338 et
1487 2297 1685 2352 precipue
1726 2301 1870 2339 contra
1909 2313 2079 2341 omnem

135 2383 399 2439 parentelam
420 2385 609 2425 nostram
631 2416 639 2425 .
664 2382 724 2425 Et
746 2383 965 2426 sciendum
994 2386 1108 2440 quod
1137 2400 1216 2441 ego
1246 2385 1500 2429 MORGANUs
1530 2388 1699 2429 affidavi
1729 2392 1770 2430 et
1801 2403 1925 2444 super
1945 2404 2079 2432 sacro-

130 2476 274 2517 sancta
304 2473 448 2529 juravi
484 2473 598 2529 quod
632 2473 709 2516 hec
737 2474 881 2516 omnia
915 2476 1106 2530 predicta
1139 2477 1321 2519 fideliter
1350 2480 1394 2519 et
1423 2477 1513 2519 sine
1543 2478 1640 2520 dolo
1670 2477 1843 2521 servabo
1873 2480 2073 2534 predictis

130 2564 347 2607 monachis
366 2563 412 2605 in
434 2565 690 2619 perpetuum
713 2598 722 2606 .
746 2564 806 2606 Et
827 2566 882 2607 ad
903 2566 1111 2622 majorem
1134 2568 1401 2610 securitatem
1430 2569 1544 2611 salvo
1574 2572 1720 2611 tenore
1750 2574 1861 2612 carte
1890 2586 1983 2613 mee
2014 2572 2073 2614 eis

130 2654 324 2710 pleggios
355 2653 502 2696 inveni
540 2686 549 2696 .
586 2654 745 2697 scilicet
780 2688 789 2698 .
829 2655 1031 2699 HOELUM
1066 2658 1203 2701 filium
1239 2658 1468 2701 TRAHARN
1506 2694 1514 2702 .
1549 2663 1593 2701 et
1625 2659 1895 2703 GRIFFINUM
1936 2663 2074 2705 filium

129 2743 317 2786 Mmumc
351 2777 358 2785 .
393 2746 436 2785 et
467 2743 768 2788 WILLELMUM
799 2749 840 2789 et
873 2746 1076 2791 HOELUM
1115 2749 1269 2792 fratres
1308 2754 1471 2793 nostros
1512 2784 1520 2792 .
1563 2750 1623 2793 Et
1658 2751 1905 2795 RmARmJM
1934 2754 2072 2797 filium

133 2834 399 2877 MOREDUTH
423 2868 431 2875 .
455 2834 658 2877 Monam
682 2836 783 2878 OAM
806 2869 815 2879 .
839 2837 1050 2881 ALArrno
1070 2840 1206 2882 filium
1226 2840 1500 2884 YTHENARD.

188 2924 291 2966 Hiis
320 2924 498 2967 testibus
529 2958 540 2968 .
572 2925 759 2969 Domino
791 2926 1040 2971 GERvAslo¹
1066 2930 1342 2974 MENEVENSI
1374 2933 1565 2990 episcopo
1598 2968 1606 2977 .
1639 2934 1696 2977 In
1717 2936 1839 2992 cujus
1858 2938 2070 2993 presentia

133 3016 209 3059 hec
239 3015 352 3057 facta
381 3015 558 3058 fuerunt
589 3049 598 3058 .
631 3019 674 3059 et
704 3018 777 3072 qui
798 3019 928 3061 etiam
957 3020 1004 3062 in
1035 3021 1326 3065 testimonium
1355 3022 1487 3079 hujus
1510 3025 1572 3066 rei
1591 3025 1690 3067 huic
1710 3027 1862 3083 scripto
1884 3028 2074 3084 sigillum

340 3155 420 3189 12s
