2425 3423
1821 217 1933 258 2119

43 445 119 473 sua
159 444 301 472 coram
341 427 459 471 vobis
500 427 567 470 vel
606 425 771 469 duobus
810 429 999 468 vestrum
1038 440 1113 481 per
1152 427 1296 467 sancta
1336 424 1420 466 Dei
1460 424 1683 480 evangelia
1722 423 1994 479 corporaliter

43 521 272 577 prestanda
292 519 521 576 diligenter
537 517 790 560 examinetis
805 517 1021 572 dictasque
1044 531 1139 558 suas
1158 515 1448 571 responsiones
1467 514 1680 570 recipiatis
1701 518 1741 556 et
1762 514 1807 556 in
1829 514 1994 569 scriptis

43 611 90 654 in
119 625 378 667 pargameno
405 608 638 665 reddigatis
670 642 678 650 .
712 607 773 650 Et
803 622 900 650 cum
931 607 1026 649 illas
1061 607 1118 649 sic
1149 606 1341 662 ceperitis
1374 621 1444 648 eas
1470 606 1593 648 nobis
1621 605 1668 647 in
1699 605 1993 648 cancellariam

44 705 232 745 nostram
254 716 350 743 cum
370 703 515 743 tenore
535 699 723 755 predicto
745 713 792 740 ac
811 698 984 740 nomine
1005 697 1210 740 attornati
1230 696 1295 739 sui
1311 698 1365 739 ad
1378 697 1633 739 lucrandum
1646 696 1713 738 vel
1726 697 1991 751 perdendum

44 792 90 835 in
111 791 323 848 premissis
343 791 389 833 in
411 789 626 846 quindena
647 788 807 831 Pasche
821 788 1014 844 proximo
1034 788 1179 830 futura
1199 787 1454 843 ubicumque
1475 790 1578 830 tunc
1599 787 1729 830 fuerit
1751 786 1827 830 sub
1841 787 1995 843 sigillis

46 882 195 925 vestris
210 882 278 924 vel
298 882 479 923 duorum
492 884 678 922 vestrum
694 880 854 922 clausas
868 879 1066 922 distincte
1082 882 1124 921 et
1144 882 1287 935 aperte
1307 879 1489 921 mittatis
1510 882 1552 921 et
1572 878 1650 921 hoc
1670 877 1807 920 breve.
1869 877 1994 921 Teste

46 987 114 1015 me
134 973 226 1027 ipsa
246 973 360 1027 apud
381 971 844 1019 WESTMONASTERIUM
860 970 1009 1026 quinto
1031 971 1099 1012 die
1120 969 1344 1013 Februarii
1360 985 1472 1012 anno
1488 970 1611 1026 regni
1632 971 1764 1012 nostri
1786 969 1997 1012 tricesimo

49 1063 212 1118 quinto.

107 1152 436 1193 Memorandum
473 1152 587 1206 quod
619 1151 757 1194 dictus
792 1152 1018 1194 MATHEUS
1053 1151 1228 1194 DAVIEs
1262 1151 1416 1194 habeat
1447 1185 1660 1195 .......
1683 1152 1895 1194 nicionem
1925 1167 2000 1208 per

49 1242 238 1298 spacium
259 1246 441 1297 quatuor
462 1242 627 1284 dierum
648 1244 700 1285 de
722 1243 790 1285 die
811 1245 854 1285 et
873 1243 963 1285 loco
985 1242 1247 1284 execucionis
1267 1242 1399 1298 hujus
1412 1243 1716 1285 commissionis
1732 1246 1830 1285 aute
1847 1258 1997 1286 execu-

52 1333 214 1375 cionem
235 1332 440 1389 ejusdem.

1591 1391 1670 1434 Ro.
1705 1391 1941 1434 GERRARD.

343 1480 422 1510 This
439 1481 465 1510 is
480 1480 535 1510 the
551 1481 624 1510 writ
639 1481 816 1518 belonging
830 1484 864 1510 to
879 1482 934 1511 the
950 1481 1024 1510 bills
1039 1482 1101 1511 and
1117 1491 1258 1512 nnswers
1275 1482 1307 1510 in
1324 1482 1381 1511 No⁴
1399 1482 1706 1512 MCCCGLXXIH.

835 1687 1224 1731 MOCOOLXXV.

52 1793 431 1841 QUIT-GLAIM
466 1794 553 1836 BY
588 1793 881 1837 WILLIAM
915 1795 1225 1839 GRIFFITH
1257 1797 1333 1840 ΤΟ
1366 1797 1634 1840 MORGAN
1667 1798 1999 1853 NIOHOLAS,

150 1884 583 1927 AROHDEAOON
635 1885 713 1927 OF
761 1885 1118 1939 LLANDAFF,
1170 1887 1248 1930 OF
1298 1888 1474 1931 LAND
1523 1889 1595 1932 IN
1646 1890 1891 1934 WENVO.

767 1992 998 2049 [MARGAM
1030 1994 1286 2052 CHARTER.]

1284 2105 1339 2145 26
1370 2104 1475 2147 JAN.
1538 2106 1594 2147 36
1625 2106 1751 2148 Em.
1816 2108 1938 2149 1594.

109 2206 318 2249 Omnibus
359 2206 546 2249 CHRISTI
588 2207 784 2250 fidelibus
824 2209 878 2250 ad
919 2224 1023 2264 quos
1062 2210 1139 2253 hoc
1187 2227 1357 2267 presens
1396 2213 1600 2269 scriptum
1640 2216 1879 2269 pervenerit
1919 2232 1999 2273 ego

49 2296 334 2341 WILLELMUS
366 2296 598 2339 GRIFFITH
629 2299 682 2339 de
712 2297 991 2341 LANVITHEN
1033 2301 1079 2342 in
1120 2302 1318 2356 parochia
1358 2304 1410 2345 de
1450 2302 1760 2348 LLANGARVAN
1805 2308 1849 2349 in
1891 2323 1994 2351 com.

52 2383 198 2431 GLAM.
232 2388 416 2444 armiger
436 2387 617 2430 salutem
638 2388 683 2430 in
704 2389 877 2431 domino
898 2391 1211 2446 sempiternam.

107 2495 325 2538 Noveritis
344 2510 415 2545 me
433 2495 649 2549 prefatum
670 2495 741 2538 W.
759 2495 811 2539 Gr.
833 2512 909 2552 pro
930 2498 1108 2541 diversis
1125 2501 1529 2546 considerationibus
1543 2519 1611 2547 me
1632 2506 1686 2547 ad
1702 2505 1810 2549 illud
1825 2523 1997 2551 moven-

48 2586 163 2629 tibus
194 2586 422 2628 rerm'ssisse
455 2585 665 2629 relaxasse
701 2590 744 2629 et
783 2588 956 2631 omnino
991 2605 1067 2644 pro
1105 2605 1173 2633 me
1213 2595 1256 2635 et
1287 2592 1513 2636 heredibus
1544 2595 1650 2638 meis
1680 2596 1995 2654 imperpetuum

48 2677 240 2733 quietum
275 2676 475 2719 clamasse
510 2691 584 2732 per
618 2681 832 2733 presentes
867 2679 1097 2724 MORGANO
1129 2682 1362 2726 NICHoLAs
1397 2686 1450 2727 de
1485 2684 1667 2729 WENvo
1699 2689 1993 2734 archidiacono

48 2767 360 2819 LANDAVENSI‚
381 2767 427 2810 in
449 2782 524 2810 sua
544 2768 671 2823 plena
692 2772 733 2811 et
755 2770 929 2825 pacifica
948 2773 1205 2826 possessione
1228 2777 1270 2817 et
1290 2775 1443 2818 seisina
1471 2778 1683 2831 existenti,
1705 2779 1933 2824 heredibus
1953 2786 1996 2825 et

49 2858 275 2914 assignatis
295 2857 381 2900 suis
401 2861 540 2900 totum
560 2858 632 2914 jus
653 2874 794 2902 meum
815 2863 974 2904 statum
995 2862 1172 2906 titulum
1193 2864 1401 2908 clameum
1421 2867 1707 2911 demaundam
1728 2873 1770 2912 et
1795 2871 1994 2915 interesse

52 2963 133 3004 que
154 2963 233 3004 ego
254 2962 445 3003 unquam
465 2947 595 2990 habui
615 2948 749 2992 habeo
771 2965 843 2993 seu
860 2952 1134 3007 quovismodo
1154 2954 1200 2997 in
1220 2954 1366 2999 futuro
1386 2956 1540 3000 habere
1560 2964 1707 3014 potero
1722 2961 1789 3003 vel
1810 2964 1996 3018 poterint
