2425 3423
320 278 434 320 2356

1068 464 1408 508 MDOXXVII.

259 559 433 602 DEED
489 559 567 602 OF
615 555 1008 601 OBLIGATION
1057 555 1146 598 BY
1194 555 1324 608 RES,
1375 554 1739 605 ZORUARTH,
1780 553 1915 597 AND
1966 553 2210 607 ZOWAN,

400 641 549 685 SONS
591 640 670 684 OF
720 638 987 682 MADOOK
1036 637 1242 682 VYDIR
1293 638 1371 680 OF
1429 635 1919 688 LANDEVODOOH,
1970 635 2119 680 NOW
2170 636 2212 679 A

401 721 767 767 OONVERSUS
828 721 906 764 OF
961 720 1241 763 MARGAM
1291 719 1522 772 ABBEY,
1576 717 1911 762 GRANTING
1961 718 2005 760 A
2054 716 2211 761 LIEN

400 806 485 849 ON
526 804 730 849 THEIR
771 802 1107 847 PROPERTY
1143 802 1220 846 TO
1262 802 1392 846 THE
1429 801 1647 845 ABBEY
1680 800 1757 844 TO
1798 799 2043 843 SEOURE
2079 799 2210 843 THE

399 887 789 932 LIABILITIES
839 886 973 930 DUE
1025 885 1112 929 BY
1152 885 1355 929 THEIR.
1415 884 1676 928 FATHER
1726 883 1802 926 TO
1853 883 1986 926 THE
2036 882 2208 926 EARL

402 971 481 1015 OF
522 969 948 1014 GLOUCESTER.

978 1051 1211 1108 [MARGAM
1242 1050 1499 1107 CHARTER]

778 1135 991 1177 TUESDAY
1025 1148 1196 1176 BEFORE
1229 1133 1298 1176 ST.
1333 1133 1581 1175 ANDREw's
1613 1132 1717 1174 Du
1752 1133 1823 1186 (30
1854 1131 1990 1186 Nov.)
2027 1131 2152 1174 1291.

313 1228 525 1272 Omnibus
547 1228 736 1270 CHRISTI
759 1226 957 1269 fidelibus
979 1240 1150 1280 presens
1176 1225 1382 1280 scriptum
1414 1224 1569 1266 visuris
1598 1224 1667 1266 vel
1697 1223 1907 1265 audituris
1940 1256 1948 1265 .
1982 1222 2129 1265 Rsssus
2159 1237 2213 1279 ap

253 1321 452 1364 MADocH
489 1320 645 1364 VYmR
676 1320 728 1361 de
761 1317 1105 1360 LANDEUODOCH
1139 1351 1147 1358 .
1181 1316 1435 1358 ZORUARTH
1469 1350 1476 1358 .
1512 1315 1683 1357 ZowAN
1715 1315 1868 1357 fratres
1905 1349 1912 1357 .
1948 1314 2130 1357 salutem
2166 1314 2213 1356 in

257 1412 433 1456 domino
454 1411 770 1467 sempiternam.

314 1495 534 1540 Noveritis
565 1509 641 1536 nos
670 1493 807 1536 teneri
829 1495 873 1535 et
894 1507 967 1547 per
987 1505 1161 1547 presens
1183 1490 1389 1546 scriptum
1411 1489 1595 1546 obligari
1618 1523 1626 1531 .
1651 1489 1849 1532 abbatem
1882 1493 1926 1532 et
1956 1492 2214 1532 conventum

258 1587 310 1630 de
330 1587 537 1629 MARGAN
562 1619 570 1628 .
593 1585 845 1640 indempnes
866 1583 1038 1640 penitus
1060 1586 1102 1625 et
1129 1582 1342 1624 immunes
1373 1596 1617 1624 conservare
1650 1615 1658 1623 .
1692 1582 1744 1623 de
1773 1581 2027 1623 omnimodis
2057 1581 2211 1625 debitis

253 1681 297 1721 et
326 1678 451 1720 rebus
481 1677 659 1719 fratrem
691 1675 960 1718 MAnooHUM
993 1673 1148 1718 VYDIR
1179 1674 1231 1715 de
1262 1672 1606 1715 LANDEUODOCH
1638 1675 1803 1727 patrem
1834 1674 2028 1714 nostrum
2049 1675 2091 1715 et
2112 1687 2209 1716 con-

257 1784 427 1813 versum
468 1770 519 1811 de
552 1768 760 1810 MARGAN
800 1764 1080 1822 tangentibus
1116 1769 1264 1807 contra
1315 1764 1537 1806 dominum
1580 1762 1631 1805 G.
1675 1764 1727 1804 de
1768 1762 1920 1805 CLARE
1964 1798 1972 1806 .
2016 1764 2214 1807 comitem

258 1860 568 1905 GLOUCESTRIE
605 1861 647 1901 et
686 1857 993 1900 HERTFORDIE
1027 1889 1035 1899 .
1075 1859 1118 1898 et
1152 1856 1327 1898 heredes
1357 1869 1452 1897 suos
1482 1888 1490 1896 .
1521 1854 1757 1910 assignatos
1784 1889 1792 1895 .
1826 1869 1900 1896 seu
1930 1858 2170 1897 executores
2203 1889 2211 1898 .

259 1955 303 1995 et
338 1967 484 1994 omnes
518 1951 624 1993 alios
655 1949 835 1992 ballivos
868 1952 911 1991 et
946 1948 1163 1990 ministros
1199 1962 1295 1989 suos
1330 1980 1338 1989 .
1379 1950 1421 1988 et
1457 1949 1603 1988 contra
1639 1960 1784 1988 omnes
1817 1946 1922 1988 alios
1948 1946 2142 1989 homines
2171 1951 2214 1990 et

260 2044 444 2087 feminas
466 2076 475 2085 .
498 2043 559 2085 ita
580 2042 695 2097 quod
716 2056 793 2083 nos
814 2040 917 2082 dicti
939 2040 1085 2082 Rnsns
1111 2074 1119 2081 .
1143 2038 1395 2080 ZORUARTH
1418 2071 1428 2079 .
1452 2037 1622 2079 ZowAN
1647 2070 1655 2078 .
1687 2041 1729 2078 et
1759 2036 1934 2080 heredes
1966 2072 1974 2079 .
2008 2038 2215 2095 assignati

261 2151 335 2179 seu
356 2137 598 2177 executores
619 2133 754 2176 nostri
777 2166 786 2174 .
810 2132 944 2174 dictos
966 2130 1165 2173 abbatem
1186 2133 1228 2172 et
1250 2131 1506 2172 conventum
1527 2129 1579 2170 de
1604 2128 1810 2170 MARGAN
1844 2162 1851 2170 .
1886 2129 1938 2171 de
1960 2130 2215 2173 omnimodis

265 2226 421 2270 debitis
441 2228 483 2268 et
503 2224 630 2267 rebus
651 2223 813 2266 dictum
834 2222 1104 2264 MADocHUM
1126 2220 1407 2277 tangentibus
1427 2219 1495 2262 vel
1514 2219 1560 2261 in
1590 2222 1807 2275 posterum
1838 2220 2014 2263 tacturis
2037 2255 2045 2263 .
2070 2224 2215 2264 contra

265 2331 538 2375 quascunque
579 2330 779 2372 personas
829 2313 1165 2370 acquietabimus
1215 2316 1257 2354 et
1308 2311 1587 2354 defendemus
1636 2311 1681 2352 in
1723 2314 1978 2367 perpetuum
2022 2347 2030 2354 .
2078 2312 2139 2355 Et
2181 2313 2217 2356 si

268 2409 492 2464 contingat
539 2407 672 2449 dictos
720 2404 919 2447 abbatem
969 2407 1011 2446 et
1061 2406 1318 2446 conventum
1377 2401 1590 2444 occasione
1640 2401 1743 2443 dicti
1803 2401 2021 2444 MADocHI
2071 2404 2215 2459 aliquo

267 2502 394 2544 modo
413 2497 670 2555 implacitari
689 2512 764 2539 seu
784 2496 929 2538 vexari
943 2496 990 2538 in
1011 2494 1348 2551 quibuscumque
1369 2493 1495 2535 curiis
1522 2492 1811 2535 ecclesiasticis
1832 2508 1905 2535 seu
1927 2494 2183 2538 secularibus
2205 2529 2213 2538 .

268 2608 293 2635 a
335 2591 670 2648 quibuscumque
709 2603 783 2630 seu
819 2602 960 2630 coram
995 2586 1334 2643 quibuscumque
1366 2583 1611 2627 hominibus
1651 2616 1659 2625 .
1702 2598 1778 2626 nos
1811 2584 1915 2626 dicti
1960 2618 1969 2626 .
2016 2585 2162 2628 REsus
2206 2621 2214 2630 .

271 2683 524 2726 ZORUARTH
557 2713 565 2722 .
598 2679 769 2722 Zowm
803 2712 811 2721 .
844 2681 889 2721 et
916 2678 1092 2721 heredes
1124 2712 1132 2720 .
1166 2676 1375 2732 assignati
1408 2709 1416 2717 .
1450 2689 1523 2717 seu
1563 2677 1807 2716 executores
1847 2675 1981 2717 nostri
2023 2710 2032 2718 .
2075 2677 2218 2720 omnia

273 2775 461 2828 dampna
499 2774 541 2813 et
580 2784 786 2826 expensas
825 2784 931 2825 quas
970 2769 1108 2811 dictus
1148 2767 1278 2811 abbas
1317 2769 1360 2809 et
1395 2775 1627 2808 conventus
1658 2765 1920 2818 sustinuerit,
1953 2767 2142 2810 totaliter
2176 2772 2220 2811 et

270 2862 539 2919 integraliter
573 2861 872 2916 persolvemus.
935 2859 1189 2916 Obligantes
1219 2872 1303 2914 quo
1334 2857 1388 2899 ad
1419 2856 1496 2898 hec
1528 2888 1537 2897 .
1571 2870 1648 2897 nos
1679 2889 1688 2898 .
1720 2854 1895 2898 heredes
1931 2890 1939 2899 .
1983 2857 2219 2914 assignatos

270 2971 344 2998 seu
364 2956 607 2996 executores
627 2953 793 2993 nostros
815 2984 824 2993 .
847 2950 992 2992 omnia
1013 2949 1124 2992 bona
1145 2951 1290 2992 nostra
1310 2946 1486 2989 mobilia
1507 2949 1549 2988 et
1570 2945 1807 2988 immobilia
1828 2949 1918 2989 tam
1939 2947 2217 2992 ecclesiastica

268 3060 398 3103 quam
419 3043 622 3086 secularia
643 3041 900 3097 ubicumque
922 3041 1087 3084 fuerint
1108 3042 1274 3096 reperta
1294 3038 1532 3082 cohercioni
1565 3071 1573 3079 .
1607 3040 1648 3080 et
1669 3038 1930 3081 districcioni
1960 3039 2218 3085 vicecomitis
