2425 3423
302 261 414 303 2342

232 469 421 524 predicto
442 467 572 510 feudo
592 467 647 509 ad
669 481 735 508 me
754 465 996 521 pertinente
1019 499 1027 507 .
1051 465 1112 508 Et
1132 466 1288 522 viginti
1312 499 1321 508 .
1345 469 1387 508 et
1409 469 1501 508 octo
1523 466 1718 508 denarios
1747 466 1799 507 de
1829 465 2079 509 KILCULUM
2102 499 2111 508 .
2143 471 2187 510 et

229 561 412 613 quatuor
448 557 643 600 denarios
675 557 729 598 de
764 560 879 598 terra
912 554 1246 598 GILLEMIHHEL
1279 571 1384 611 quos
1420 556 1612 598 solebant
1646 556 1823 598 reddere
1863 557 1918 599 ad
1958 557 2184 613 coquinam

232 649 396 691 comitis
438 682 447 691 .
482 647 543 690 Et
577 647 793 690 redditum
830 650 1013 702 quatuor
1060 647 1292 689 solidorum
1325 652 1368 690 et
1412 647 1544 689 trium
1585 647 1805 689 obolorum
1845 662 1950 703 quos
1991 648 2184 691 solebant

234 740 460 782 annuatim
479 740 654 782 reddere
675 739 729 780 de
747 740 861 780 terra
882 736 1045 779 YOUAF
1067 736 1310 780 TROITKAM
1330 738 1457 794 juxta
1480 738 1628 780 ΟΑΤΤΕ
1649 751 1779 779 ΡΙΤΤΕ
1802 772 1811 780 .
1835 738 1897 780 Et
1916 739 1969 781 de
1990 739 2186 782 omnibus

228 831 484 873 tenementis
514 845 596 885 que
618 828 774 885 prefati
804 828 1001 870 monachi
1031 832 1180 870 tenent
1199 832 1341 871 totum
1361 828 1619 870 forinsecum
1648 828 1872 870 servicium
1898 830 2012 884 quod
2033 830 2089 871 ad
2117 844 2186 872 me

231 923 299 964 vel
329 923 383 964 ad
414 922 587 964 heredes
616 934 732 962 meos
761 919 949 975 pertinet
968 919 1055 961 sive
1077 919 1131 961 sit
1152 920 1374 961 servicium
1395 919 1545 961 militis
1575 919 1663 961 sive
1685 920 1896 961 venatoris
1919 920 1985 961 vel
2012 920 2188 962 alterius

237 1012 467 1069 cujuslibet
498 1011 719 1055 servientis
761 1044 770 1053 .
813 1013 901 1052 sive
941 1011 1075 1052 eciam
1111 1011 1334 1052 servicium
1365 1010 1543 1066 coquine
1586 1044 1594 1052 .
1637 1025 1710 1052 seu
1751 1011 2034 1065 quodcunque
2073 1011 2193 1053 aliud

235 1104 492 1146 forinsecum
525 1103 748 1145 servicium
795 1102 850 1143 ad
890 1115 957 1143 me
992 1101 1221 1156 pertinens,
1266 1104 1406 1143 totum
1447 1101 1557 1143 illud
1607 1101 1829 1143 servicium
1875 1102 1974 1143 dedi
2030 1102 2189 1145 eisdem

228 1195 446 1237 monachis
465 1195 511 1237 in
532 1197 782 1250 perpetuam
804 1192 1077 1235 elemosinam
1109 1196 1150 1234 et
1179 1193 1348 1247 quitum
1379 1192 1558 1234 clamavi
1583 1198 1724 1247 preter
1753 1192 1976 1234 dimidiam
1997 1206 2183 1235 marcam

235 1287 288 1328 de
318 1285 544 1328 LANGEWI
569 1318 577 1327 .
603 1284 662 1327 Et
686 1288 822 1327 totam
854 1297 1122 1326 communam
1145 1287 1318 1338 pasture
1338 1283 1383 1324 in
1405 1286 1494 1325 toto
1526 1284 1701 1325 marisco
1731 1298 1825 1325 meo
1847 1285 1900 1325 ad
1930 1284 2191 1327 occidentem

235 1378 289 1418 de
317 1376 503 1418 KAmmv
530 1376 642 1418 inter
671 1374 804 1417 Tau·
834 1377 878 1416 et
908 1373 1049 1425 Emv,
1073 1373 1256 1415 concessi
1286 1378 1328 1415 et
1358 1374 1456 1416 dedi
1487 1374 1610 1416 dictis
1641 1374 1858 1416 monachis
1879 1375 2189 1430 imperpetuam

233 1468 508 1510 elemosinam
549 1467 766 1509 reddendo
807 1466 908 1507 inde
949 1465 1175 1506 annuatim
1215 1464 1344 1506 michi
1394 1469 1438 1506 et
1477 1464 1703 1507 heredibus
1744 1466 1847 1507 meis
1889 1481 1963 1521 pro
2004 1465 2187 1522 singulis

235 1560 444 1616 capitibus
478 1559 717 1602 averiorum
750 1571 924 1599 suorum
956 1560 1166 1611 quantum
1202 1555 1434 1612 burgenses
1473 1557 1525 1598 de
1567 1556 1752 1598 KARDIF
1788 1557 1964 1598 reddere
1999 1556 2192 1599 solebant

231 1667 307 1708 pro
357 1650 537 1707 singulis
587 1649 796 1705 capitibus
847 1647 1087 1690 averiorum
1128 1647 1173 1688 in
1224 1647 1414 1702 predicto
1462 1648 1638 1689 marisco
1679 1648 1944 1703 pascentium
1994 1652 2185 1704 tempore

239 1741 484 1786 Wnfflmm
507 1741 672 1783 comitis
697 1741 980 1782 GLOVERNIE.

289 1833 488 1876 Preterea
518 1831 699 1874 concessi
729 1835 773 1873 et
803 1830 1049 1873 confirmavi
1080 1830 1279 1885 predictis
1309 1830 1525 1872 monachis
1558 1844 1703 1872 omnes
1734 1831 1984 1873 donationes
2013 1834 2057 1873 et
2086 1845 2183 1873 con-

232 1925 492 1968 firmationes
541 1929 851 1965 antecessorum
896 1937 1086 1964 meorum
1129 1956 1137 1964 .
1181 1926 1223 1965 et
1274 1937 1418 1964 omnes
1467 1922 1716 1963 donationes
1757 1930 1797 1963 et
1846 1922 2185 1965 confirmationes

232 2016 463 2059 liberorum
483 2014 706 2056 hominum
727 2027 918 2056 meorum
934 2013 1040 2055 sicut
1061 2016 1173 2055 carte
1188 2013 1360 2054 illorum
1382 2016 1592 2054 testantur
1616 2046 1622 2054 .
1648 2012 1806 2053 scilicet
1825 2018 1980 2054 terram
1996 2011 2184 2055 Swnm

236 2122 333 2149 cum
373 2105 569 2148 omnibus
610 2104 883 2160 pertinentiis
928 2104 1015 2146 suis
1057 2138 1064 2145 .
1109 2103 1169 2146 Et
1210 2104 1411 2160 quicquid
1453 2103 1612 2146 habent
1652 2118 1705 2145 ex
1746 2104 1858 2145 dono
1902 2103 2183 2146 &umnam

234 2199 463 2243 GRAMMUS
484 2203 525 2240 et
546 2197 732 2239 filiorum
753 2195 847 2251 ejus
870 2229 877 2237 .
902 2195 964 2237 Et
984 2195 1187 2251 quicquid
1206 2195 1365 2237 habent
1382 2211 1434 2236 ex
1448 2196 1558 2237 dono
1579 2194 1857 2250 burgensium
1879 2195 1932 2237 de
1954 2193 2182 2237 KENEFEG

235 2294 278 2334 et
297 2290 527 2332 liberorum
547 2288 770 2330 hominum
791 2287 837 2328 in
859 2287 1007 2329 eadem
1027 2287 1130 2328 villa
1151 2286 1218 2328 vel
1241 2289 1361 2328 extra
1380 2286 1426 2328 in
1448 2285 1577 2328 feudo
1606 2286 1658 2327 de
1679 2284 1907 2327 KENEFEG
1929 2319 1937 2328 .
1965 2285 2025 2328 Et
2045 2290 2185 2328 totum

233 2382 413 2424 feudum
434 2382 486 2423 de
507 2379 734 2422 LANGEWI
759 2394 812 2420 ex
833 2379 944 2420 dono
966 2378 1122 2420 DAvm
1143 2376 1350 2419 SCURLAG
1372 2382 1414 2419 et
1435 2376 1697 2419 concessione
1726 2376 1957 2419 NchOLM
1989 2377 2141 2419 Pomz
2173 2411 2182 2420 .

231 2473 292 2515 Et
327 2472 529 2528 quicquid
564 2470 723 2512 habent
756 2485 809 2512 ex
842 2470 954 2511 dono
988 2468 1168 2511 PAGAm
1205 2469 1257 2511 de
1292 2467 1575 2511 TURBERVIL'
1620 2501 1627 2508 .
1666 2472 1708 2509 et
1756 2468 1960 2510 heredum
2000 2467 2094 2524 ejus
2133 2468 2179 2510 in

234 2563 479 2606 KOICKARK
512 2596 519 2603 .
553 2561 614 2603 Et
645 2576 696 2603 ex
728 2562 839 2603 dono
872 2559 1147 2602 HEREBER'H
1179 2567 1221 2602 et
1251 2559 1437 2601 filiorum
1467 2559 1561 2614 ejus
1592 2557 1818 2601 Kncum
1853 2593 1861 2601 .
1900 2559 1960 2601 Et
1990 2574 2042 2601 ex
2072 2560 2183 2602 dono

232 2655 453 2697 MORGANI
475 2654 553 2695 filii
574 2653 736 2696 meu
759 2651 1079 2694 HAvEnnALoc
1117 2684 1125 2693 .
1163 2650 1224 2693 Et
1245 2650 1446 2706 quicquid
1475 2650 1634 2692 habent
1655 2665 1708 2692 ex
1729 2651 1840 2692 dono
1861 2649 2082 2692 MORGANI
2104 2650 2182 2692 filii

236 2745 431 2787 ORADom
453 2749 496 2787 et
515 2744 719 2786 heredum
741 2743 836 2799 ejus
859 2776 868 2785 .
892 2746 935 2785 et
955 2742 1186 2785 liberorum
1216 2742 1440 2784 hominum
1470 2756 1642 2783 suorum
1672 2741 1718 2782 in
1747 2742 1923 2783 marisco
1945 2742 1997 2783 de
2017 2743 2186 2783 AUENA

231 2839 273 2878 et
294 2836 519 2877 Bssmmsss
540 2838 582 2876 et
604 2835 858 2877 Rossourm
881 2865 891 2878 .
920 2833 980 2875 Et
1001 2847 1271 2875 communam
1301 2836 1519 2887 pasturam
1549 2831 1662 2873 inter
1693 2831 1900 2873 AUENAM
1931 2836 1974 2873 et
2003 2831 2141 2874 Num
2172 2863 2181 2873 .

234 2926 295 2968 Et
314 2930 471 2968 terram
491 2941 572 2981 que
593 2926 833 2981 appellatur
859 2925 1099 2967 Porrmon
1121 2958 1128 2966 .
1153 2928 1195 2966 et
1217 2924 1410 2978 ejusdem
1431 2927 1542 2966 terre
1562 2923 1819 2965 forinsecum
1841 2923 2066 2965 servicium
2086 2923 2185 2965 dedi

233 3021 277 3059 et
296 3017 484 3058 relaxavi
506 3017 564 3058 eis
584 3017 897 3072 imperpetuam
919 3015 1196 3058 elemosinam
1221 3048 1228 3056 .
1252 3014 1314 3056 Et
1345 3030 1398 3056 ex
1429 3015 1540 3057 dono
1571 3013 1822 3057 WILLELMI
1853 3014 1905 3056 de
1936 3012 2187 3056 Lonnorzns
