2425 3423
1939 280 2053 322 2397

162 483 283 537 parte
323 480 474 524 boriali
504 496 638 538 usque
681 482 896 525 GOYLAKE
927 498 980 525 ex
1019 486 1140 538 parte
1170 484 1349 526 australi
1388 499 1484 527 cum
1525 485 1611 527 suis
1650 485 1935 541 pertinentiis,
1977 487 2110 529 eciam

158 573 437 615 concessimus
457 573 517 615 eis
540 573 782 616 libertatem
809 575 864 617 ad
884 574 1131 631 eligendum
1151 574 1231 618 sibi
1258 576 1631 627 molendinarium,
1652 592 1737 619 vna
1757 592 1852 619 cum
1879 577 1950 620 via
1979 578 2101 621 aisia-

158 664 294 718 menti
329 664 384 706 ad
419 664 582 707 dictum
622 666 929 718 molendinum,
951 666 1128 709 vlterius
1163 667 1442 710 concessimus
1476 667 1536 710 eis
1573 668 1714 711 locum
1753 683 1879 725 super
1916 669 2104 712 rivulum

157 753 317 798 ibidem
348 756 402 797 ad
432 756 594 799 dictum
634 757 927 800 molendinum
967 757 1215 800 situandum
1254 758 1288 800 si
1328 773 1494 802 necesse
1533 758 1677 802 fuerit.
1758 760 2024 805 Habendum
2059 765 2102 805 et

157 847 392 890 tenendum
405 848 644 902 predictum
656 848 951 890 molendinum
964 863 1061 891 cum
1082 848 1279 891 omnibus
1294 849 1381 892 suis
1394 849 1663 905 pertinentiis
1677 851 1855 907 prefatis
1868 851 2102 896 WALTERO

156 941 199 981 et
220 937 249 981 J
252 952 429 981 OHANNI
450 938 676 982 heredibus
705 944 747 981 et
777 939 1035 995 assingnatis
1064 940 1150 983 suis
1180 955 1205 982 a
1234 939 1358 983 ffesto
1388 939 1535 984 Sancti
1564 941 1824 985 MICHAELIS
1854 944 2098 1000 archangeli

156 1029 307 1072 vltimo
342 1030 544 1085 preterito
576 1045 706 1086 vsque
738 1031 867 1073 finem
908 1030 1081 1073 termini
1120 1031 1359 1087 nonaginta
1399 1035 1442 1073 et
1482 1047 1635 1074 novem
1667 1048 1877 1076 annorum
1909 1035 2101 1090 proxime

154 1122 425 1177 sequencium
442 1126 483 1164 et
503 1122 693 1178 plenarie
709 1123 1053 1177 complendorum
1077 1155 1085 1164 .
1109 1122 1346 1165 Reddendo
1365 1123 1466 1165 inde
1487 1124 1710 1166 annuatim
1730 1124 1851 1167 nobis
1871 1125 2097 1169 heredibus

154 1214 198 1254 et
227 1212 484 1268 assingnatis
513 1212 668 1255 nostris
698 1213 854 1269 viginti
885 1213 1038 1256 solidos
1067 1214 1371 1270 sterlingorum
1401 1214 1699 1258 solvendorum
1728 1216 1783 1258 ad
1812 1217 2016 1259 terminos
2045 1218 2097 1260 de

157 1303 412 1345 HocKEnAY
442 1307 483 1345 et
514 1302 660 1346 Sancti
701 1303 959 1346 MICHAELIS
989 1304 1234 1361 archangeli
1265 1320 1338 1361 per
1358 1306 1528 1361 equales
1547 1306 1778 1362 porciones.
1839 1307 1899 1350 Et
1921 1309 2100 1364 predicti

156 1394 416 1439 WALTERUS
433 1398 475 1437 et
494 1394 524 1437 J
526 1409 737 1437 OHANNES
757 1395 996 1451 predictum
1016 1396 1341 1439 mollendinuml
1361 1412 1457 1440 cum
1478 1398 1675 1441 omnibus
1694 1399 1938 1456 gurgitibus
1960 1401 2098 1444 eidem

154 1486 416 1529 mollendino
446 1485 759 1542 pertinentibus
790 1489 832 1528 et
864 1487 1008 1528 omnia
1038 1487 1122 1528 alia
1152 1502 1232 1542 que
1269 1488 1322 1530 ad
1353 1488 1515 1531 dictum
1544 1490 1855 1534 mollendinum
1884 1492 2099 1547 pertinent

154 1576 262 1620 bene
302 1581 343 1619 et
389 1580 676 1633 competenter
726 1577 983 1620 edificabunt
1036 1578 1294 1634 reparabunt
1335 1580 1635 1623 sustentabunt
1676 1585 1718 1624 et
1759 1583 2099 1626 manutenebunt

154 1668 394 1724 sumptibus
424 1668 510 1711 suis
540 1669 719 1724 propriis
750 1673 792 1711 et
822 1669 1016 1725 expensis
1046 1670 1229 1712 durante
1268 1671 1450 1714 termino
1490 1672 1678 1727 predicto
1711 1707 1718 1715 .
1753 1674 1956 1730 Exceptis
1987 1676 2101 1730 quod

154 1759 332 1815 predicti
374 1758 633 1802 WALTERUS
683 1763 726 1802 et
765 1760 794 1802 J
798 1774 1006 1801 OHANNES
1056 1760 1275 1804 habebunt
1324 1762 1376 1804 de
1416 1762 1538 1805 nobis
1588 1767 1629 1805 et
1679 1764 1905 1808 heredibus
1944 1767 2099 1809 nostris

153 1865 346 1907 grossum
386 1851 637 1893 meremium
677 1866 751 1906 pro
793 1851 1102 1893 sustentacione
1144 1852 1248 1894 dicti
1287 1853 1521 1895 molendini
1561 1869 1743 1897 vnacum
1778 1856 1911 1913 virgis
1941 1858 2098 1900 vocatis

156 1941 474 1998 ‘wyndynges'
515 1945 557 1983 et
610 1940 792 1997 ‘polles'
834 1956 910 1997 pro
958 1941 1022 1983 ‘le
1066 1942 1195 1984 were’
1247 1943 1292 1984 in
1338 1943 1520 1987 fforestis
1568 1946 1722 1988 nostris
1762 1961 1836 2002 per
1876 1948 2015 1991 visum
2054 1954 2097 1992 et

151 2032 448 2076 liberacionem
468 2032 801 2075 fforestariorum
822 2036 1061 2075 nostrorum
1082 2032 1241 2076 ibidem
1272 2050 1346 2090 pro
1377 2039 1566 2091 tempore
1595 2037 1884 2080 existencium.
1947 2039 2007 2082 Et
2037 2041 2095 2083 sie

149 2124 388 2180 predictum
403 2124 714 2166 mollendinum
730 2139 826 2166 cum
842 2124 1038 2167 omnibus
1052 2126 1230 2180 prefatis
1245 2126 1331 2168 suis
1351 2127 1620 2182 pertinentiis
1636 2129 1813 2184 predicti
1835 2129 2095 2175 WALTERUS

150 2220 193 2259 et
212 2216 242 2259 J
245 2231 454 2258 OHANNES
474 2215 520 2257 in
541 2216 625 2258 fine
646 2215 818 2258 termini
849 2215 914 2257 sui
935 2216 1112 2271 predicti
1142 2215 1248 2258 bene
1279 2222 1320 2259 et
1352 2220 1637 2273 competenter
1666 2220 1909 2264 edificatum
1929 2229 2093 2266 susten-

150 2311 288 2351 tatum
309 2312 350 2350 et
371 2310 614 2363 reparatum
635 2307 854 2348 dimittent
876 2310 918 2349 et
939 2306 1117 2362 quilibet
1142 2323 1287 2350 eorum
1318 2309 1507 2351 dimittet
1539 2343 1547 2350 .
1580 2309 1755 2353 Proviso
1785 2327 1949 2369 semper
1978 2316 2091 2369 quod

148 2400 183 2442 si
214 2398 436 2455 contingat
465 2397 704 2453 predictum
734 2397 950 2439 redditum
981 2397 1137 2453 viginti
1168 2398 1398 2441 solidorum
1428 2403 1565 2442 aretro
1596 2401 1686 2443 t'ore
1717 2403 1760 2444 in
1792 2408 1912 2458 parte
1949 2406 2014 2448 vel
2043 2407 2089 2449 in

147 2494 237 2534 toto
266 2507 341 2546 per
372 2506 444 2533 sex
473 2490 730 2545 septimanas
750 2493 845 2544 post
873 2489 1048 2545 aliquod
1077 2490 1309 2533 terminum
1328 2491 1565 2546 predictum
1585 2507 1671 2535 non
1692 2494 1878 2537 solutum
1911 2530 1918 2537 .
1952 2497 2036 2540 Vel
2056 2498 2092 2540 si

146 2583 384 2638 predictum
403 2581 714 2623 mollendinum
735 2595 832 2622 cum
852 2580 1030 2636 prefatis
1049 2582 1136 2624 suis
1165 2583 1434 2637 pertinentiis
1463 2599 1550 2626 non
1581 2585 1635 2627 sit
1665 2588 1889 2630 annuatim
1919 2588 2026 2632 bene
2046 2594 2089 2632 et

148 2676 434 2728 competenter
454 2672 697 2714 edificatum
718 2674 1003 2714 sustentatum
1024 2675 1067 2715 et
1086 2677 1341 2728 reparatum,
1364 2675 1478 2730 quod
1499 2679 1656 2718 extunc
1675 2676 1783 2720 bene
1803 2678 1946 2722 licebit
1966 2680 2088 2723 nobis

147 2768 190 2807 et
209 2763 435 2806 heredibus
454 2763 608 2805 nostris
628 2762 674 2804 in
694 2763 882 2817 predicto
903 2763 1165 2807 mollendino
1186 2780 1283 2807 cum
1305 2765 1500 2808 omnibus
1524 2767 1610 2809 suis
1640 2769 1910 2824 pertinentiis
1929 2771 2089 2815 intrare

149 2858 192 2897 et
212 2855 258 2896 in
278 2855 458 2910 pristino
479 2857 594 2896 statu
614 2856 757 2896 nostro
778 2854 972 2906 retinere,
995 2855 1085 2897 hasl
1105 2855 1269 2898 litteras
1298 2846 1463 2899 nostras
1492 2861 1685 2913 patentes
1715 2876 1801 2903 non
1832 2862 2046 2905 obstantes
2079 2899 2084 2906 .

150 2946 363 2990 Volumus
392 2945 525 2988 eciam
554 2948 597 2987 et
627 2946 880 2987 mandamus
920 2961 995 3001 per
1034 2950 1248 3001 presentes
1286 2949 1398 3002 quod
1439 2963 1583 2991 omnes
1624 2954 1815 2994 tenentes
1845 2958 2009 2996 nostros
2039 2956 2091 2998 de

151 3039 356 3082 NEWToN
401 3037 616 3079 NOTASHE
657 3036 866 3092 predictos
913 3038 988 3092 qui
1037 3037 1194 3081 debent
1234 3042 1390 3081 sectam
1439 3041 1494 3082 ad
1543 3041 1852 3085 mollendinum
1902 3049 2093 3089 nostrum
