2425 3423
1893 228 2005 269 2125

868 432 1313 477 MOOOGLXXVH.

120 550 336 593 GRANT
400 550 487 592 BY
550 549 902 593 MARGARET
971 550 1139 593 VERZ
1208 549 1466 592 THOMAS
1537 548 1615 591 OF
1680 548 1925 592 KENFIG
1986 549 2062 593 ΤΟ

263 640 432 684 JOHN
496 641 577 683 ΑΡ
637 640 850 684 JEUAN
914 640 992 682 OF
1050 639 1306 691 KENFIG,
1372 640 1451 682 OF
1505 639 1870 683 MESSUAGES
1927 640 2061 683 AND

264 731 471 775 LANDS
522 732 593 774 IN
644 731 900 774 KENFIG.

298 839 539 896 [CHARTER
570 854 827 881 BELONGING
858 853 911 881 To
942 839 1035 881 MR.
1068 839 1123 881 R.
1156 838 1228 881 W.
1262 838 1550 880 LLEWELLYN
1581 853 1634 880 or
1666 839 1897 895 BAGLAN]

1215 938 1239 979 5
1272 937 1542 979 NOVEMBER.
1605 939 1658 979 39
1692 938 1816 980 ΕΗΖ.
1883 939 2003 980 1597.

180 1052 325 1095 Sciant
346 1056 560 1108 presentes
581 1057 621 1096 et
645 1053 780 1095 futuri
801 1054 914 1107 quod
935 1068 1014 1108 ego
1035 1053 1325 1095 MARGARETA
1348 1068 1441 1095 verz
1467 1052 1656 1095 THOMAS
1677 1054 1729 1095 de
1752 1052 1998 1095 KENFIGGE
2020 1053 2065 1095 in

121 1144 325 1186 comitatu
347 1143 648 1186 GLAMORGAN'
671 1144 799 1186 vidua
827 1159 902 1199 pro
929 1144 1103 1186 diversis
1134 1144 1543 1187 consideracionibus
1564 1145 1676 1196 dedi,
1708 1145 1902 1196 concessi,
1925 1148 1966 1187 et
1989 1145 2066 1187 hac

120 1234 306 1290 presenti
336 1234 481 1277 charta
510 1250 604 1277 mea
635 1235 880 1278 confirmavi
909 1235 1118 1277 JOHANNI
1150 1251 1204 1291 ap
1244 1235 1273 1278 J
1276 1250 1397 1277 EUAN
1430 1237 1482 1277 de
1512 1235 1759 1277 KENFIGGE
1791 1240 1833 1278 et
1864 1236 2068 1278 comitatu

119 1326 309 1381 predicto
329 1341 501 1380 yoman,
524 1326 667 1368 omnia
694 1325 944 1382 messuagia,
967 1326 1161 1382 gardina,
1178 1326 1528 1378 hereditamenta,
1551 1330 1593 1368 et
1622 1329 1733 1368 totas
1762 1329 1895 1368 terras
1915 1326 2068 1369 liberas

120 1431 235 1458 meas
255 1416 443 1472 jacentes
465 1419 508 1458 et
528 1417 758 1458 existentes
778 1416 892 1458 infra
913 1415 1153 1458 libertatem
1174 1421 1215 1458 et
1237 1416 1513 1459 franchisiam
1534 1417 1586 1459 de
1608 1416 1855 1459 KENFIGGE
1878 1420 1920 1459 et
1940 1417 2067 1460 comi-

121 1511 216 1550 tatu
235 1508 424 1564 predicto
446 1523 541 1550 cum
563 1507 760 1550 omnibus
781 1508 866 1550 suis
891 1508 1160 1563 pertinentiis
1184 1523 1257 1563 per
1288 1523 1384 1550 suas
1414 1508 1612 1563 antiquas
1641 1511 1775 1550 metas
1806 1511 1848 1550 et
1868 1508 2025 1550 limites
2057 1543 2065 1550 .

122 1598 316 1645 Quarum
350 1599 650 1654 promissarum
685 1599 970 1654 predictarum
1012 1614 1146 1640 unum
1187 1598 1474 1654 messuagium
1514 1605 1556 1640 et
1592 1601 1773 1654 quatuor
1805 1614 1911 1641 acrae
1944 1602 2067 1641 terrae

121 1689 322 1731 arrabiles
353 1693 394 1731 et
422 1693 607 1745 pasturae
633 1704 730 1731 cum
755 1689 1023 1745 pertinentiis
1050 1689 1142 1745 jam
1166 1692 1267 1731 sunt
1296 1689 1341 1731 in
1372 1693 1524 1731 tenura
1555 1692 1597 1732 et
1637 1690 1910 1745 occupatione
1942 1691 2070 1733 unius

123 1780 255 1822 R1cs1
281 1780 471 1823 WILLlM
493 1781 545 1822 de
566 1779 696 1822 ΚΒΜ
710 1794 814 1821 10οΕ
837 1786 878 1821 et
900 1779 1103 1821 comitatu
1124 1780 1311 1835 predicto
1338 1794 1496 1834 yoman
1529 1813 1537 1821 .
1571 1779 1835 1822 Habendum
1857 1784 1900 1822 et
1921 1783 2068 1822 tenen-

122 1872 226 1913 dum
262 1872 405 1913 omnia
438 1871 689 1926 messuagia,
732 1871 925 1926 gardina,
967 1870 1316 1921 hereditamenta,
1357 1874 1399 1912 et
1440 1873 1550 1912 totas
1590 1874 1722 1912 terras
1763 1886 1876 1912 meas
1917 1871 2070 1913 liberas

122 1962 330 2018 predictas
346 1977 442 2003 oum
459 1961 654 2003 omnibus
671 1961 756 2003 suis
772 1960 1053 2016 pertinentiis,
1075 1976 1122 2002 00
1143 1964 1279 2002 cetera
1294 1961 1495 2016 premissa
1511 1961 1655 2003 omnia
1671 1976 1767 2003 cum
1787 1962 2068 2017 pertinentiis,

121 2053 287 2108 prefato
309 2052 338 2095 J
341 2067 517 2094 onANNI
549 2068 601 2107 ap
633 2052 661 2094 J
665 2067 786 2094 EUAN
820 2086 828 2094 .
864 2051 1089 2094 heredibus
1120 2057 1161 2094 et
1192 2052 1417 2107 assignatis
1448 2053 1533 2094 suis
1563 2052 1877 2108 imperpetuum
1899 2054 1953 2094 ad
1974 2069 2068 2109 pro-

122 2145 261 2199 prium
300 2159 403 2199 opus
438 2147 481 2185 et
516 2159 639 2185 usum
675 2143 807 2198 ipsius
847 2142 875 2185 J
879 2157 1078 2184 OHANNIS
1118 2158 1171 2198 ap
1211 2143 1240 2185 J
1245 2158 1380 2194 EUAN,
1411 2143 1630 2196 heredum,
1672 2147 1713 2186 et
1754 2144 2067 2200 assignatorum

123 2249 294 2276 suorum
315 2235 628 2289 imperpetuum
650 2235 701 2276 de
724 2234 894 2289 capitali
915 2235 1086 2276 domino
1115 2235 1230 2276 feodi
1251 2234 1366 2276 illius
1395 2249 1470 2290 per
1490 2233 1682 2276 redditus
1711 2237 1755 2276 et
1775 2234 1947 2276 servitia
1967 2235 2067 2276 inde

120 2325 238 2379 prius
259 2323 401 2366 debita
429 2327 471 2365 et
496 2325 548 2365 de
569 2324 665 2379 jure
686 2328 885 2366 consueta
917 2358 925 2365 .
959 2329 1000 2366 et
1028 2340 1103 2380 per
1132 2330 1266 2367 metas
1295 2341 1343 2367 00
1373 2325 1530 2367 limites
1560 2324 1647 2366 illic
1677 2324 1730 2367 ab
1761 2324 1938 2380 antiquo
1959 2328 2065 2367 tem-

122 2430 222 2471 pore
242 2415 447 2456 limitatas
468 2417 510 2456 et
531 2415 722 2471 cognitas
755 2449 763 2457 .
797 2414 857 2456 Et
878 2430 957 2471 ego
988 2430 1085 2458 vero
1115 2415 1282 2471 prefata
1312 2415 1602 2458 MARGARETA
1634 2430 1728 2457 verz
1759 2415 1948 2458 THoMAs
1981 2449 1988 2457 .
2022 2419 2066 2458 et

120 2506 294 2548 heredes
314 2505 411 2556 mei,
428 2505 570 2547 omnia
591 2505 841 2561 messuagia,
859 2505 1052 2561 gardina,
1067 2506 1415 2558 hereditamenta,
1433 2510 1475 2548 et
1496 2510 1605 2549 totas
1620 2508 1752 2548 terras
1767 2505 1920 2548 liberas
1935 2521 2063 2557 meas,

120 2610 168 2638 ac
207 2599 344 2638 cetera
382 2594 585 2650 premissa
625 2594 767 2637 omnia
807 2611 903 2638 cum
943 2597 1028 2638 suis
1060 2597 1327 2651 pertinentiis
1360 2597 1526 2652 prefato
1561 2596 1590 2639 J
1593 2610 1770 2638 OHANNI
1807 2611 1861 2651 ap
1893 2595 1921 2638 J
1925 2611 2062 2647 EUAN,

120 2685 359 2737 heredibus,
396 2689 438 2726 et
470 2684 696 2740 assignatis
728 2685 826 2736 suis,
862 2687 987 2728 modo
1020 2689 1062 2728 et
1097 2686 1234 2729 forma
1266 2687 1478 2742 predictis,
1515 2689 1661 2729 contra
1697 2701 1842 2728 omnes
1872 2685 2065 2728 homines

121 2775 525 2827 warranffizabimus,
547 2779 590 2818 et
609 2791 684 2831 per
704 2779 916 2831 presentes
936 2776 1251 2832 imperpetuum
1271 2778 1563 2820 defendemus.

178 2867 343 2909 Datum
364 2866 513 2922 quinto
535 2866 603 2909 die
625 2867 780 2908 mensis
801 2866 1056 2910 Novembris
1086 2883 1198 2910 anno
1229 2869 1352 2925 regni
1374 2869 1559 2911 dominae
1580 2871 1735 2910 nostrae
1755 2867 2064 2909 ELIZABETHAE

120 2957 204 3000 Dei
235 2959 374 3014 gratia
403 2959 600 3000 Amnis
632 2991 640 2999 .
674 2957 892 2999 ancmz
923 2991 932 3000 .
965 2962 1007 3000 et
1038 2958 1291 3001 HIBERNIAE
1322 2960 1502 3016 Reginae
1533 2959 1633 3001 fidei
1662 2958 1908 3009 defensoris,
1940 2961 2016 3000 etc.
2052 2991 2060 3000 .
