2425 3423
1942 265 2052 306 2331

1025 468 1245 512 MDGIX.

169 583 651 629 GONFIRMATION
683 584 817 628 AND
849 583 1063 627 GRANT
1094 584 1183 628 BY
1217 585 1427 629 ROGER
1457 585 1698 630 STURMI
1723 586 1799 630 ΤΟ
1827 586 2105 630 MARGAM

312 676 528 719 ABBEY
577 676 655 719 OF
703 674 812 718 HIS
870 674 1178 719 FATHER’S
1236 675 1445 720 LANDS
1509 677 1581 721 IN
1640 677 1930 731 MARGAM,
1981 677 2105 720 FOR

312 767 488 810 HALF
521 768 561 810 A
601 766 786 810 MARK
821 765 1082 808 YEARLY
1117 766 1251 809 AND
1290 769 1507 813 (INTER
1540 769 1717 824 ALIA)
1762 768 1900 812 TWO
1944 768 2110 813 OOWS

314 857 437 900 FOR
480 856 886 900 NOURISHING
931 856 1038 900 HIS
1085 856 1301 899 THREE
1347 857 1574 902 LITTLE
1619 859 1964 903 CHILDREN.

885 970 1114 1028 [MARGAM
1146 971 1402 1029 CHARTER.]

1679 1076 1794 1117 mm
1825 1075 2053 1118 CENTURY.

229 1187 375 1230 Sciant
407 1191 496 1229 tam
532 1190 748 1243 presentes
780 1202 910 1243 quam
944 1187 1081 1230 futuri
1124 1221 1132 1230 .
1168 1189 1281 1244 quod
1321 1204 1401 1245 ego
1442 1189 1656 1232 Roomms
1707 1189 1883 1232 STURMI
1930 1191 2115 1233 concessi

172 1277 316 1319 abbati
354 1280 397 1320 et
427 1277 646 1320 monachis
666 1278 719 1319 de
741 1277 945 1319 MARGAN
977 1281 1113 1321 totam
1143 1282 1299 1321 terram
1330 1295 1459 1335 quam
1488 1280 1648 1323 habent
1670 1296 1723 1323 ex
1743 1282 1855 1325 dono
1875 1283 2008 1338 patris
2029 1284 2114 1325 mei

173 1369 280 1410 sicut
301 1373 412 1410 carte
434 1383 581 1410 eorum
601 1372 813 1410 testantur
829 1384 932 1424 quas
952 1368 1111 1412 habent
1132 1371 1184 1412 de
1204 1373 1324 1426 patre
1340 1385 1433 1413 meo
1454 1374 1498 1414 et
1512 1372 1565 1413 de
1580 1386 1660 1414 me.
1723 1372 1920 1416 Preterea
1936 1375 2117 1417 concedo

172 1458 232 1501 eis
252 1458 298 1501 in
319 1459 594 1501 elemosinam
615 1462 864 1514 perpetuam
886 1463 1020 1502 totam
1041 1460 1249 1515 reliquam
1279 1465 1444 1517 partem
1473 1465 1583 1505 terre
1612 1463 1659 1505 in
1689 1463 1811 1506 bosco
1843 1468 1886 1506 et
1914 1465 2042 1521 plano
2072 1465 2118 1507 in

177 1548 311 1604 pratis
332 1552 374 1590 et
395 1550 562 1604 pascuis
585 1549 632 1591 in
653 1549 775 1604 aquis
806 1552 850 1591 et
879 1551 1055 1593 morosis
1087 1566 1214 1606 quam
1244 1553 1384 1594 tenuit
1413 1558 1534 1609 pater
1563 1568 1683 1596 meus
1713 1555 1765 1596 de
1796 1554 1927 1598 feudo
1958 1556 2125 1599 comitis

172 1639 450 1682 GLOCESTROE
472 1640 518 1681 in
541 1639 745 1682 MARGAN
770 1674 778 1682 .
802 1641 870 1683 vel
891 1657 970 1698 ego
992 1645 1086 1698 post
1107 1642 1247 1698 ipsum
1268 1645 1499 1687 tenendam
1519 1646 1571 1686 de
1600 1660 1669 1687 me
1699 1650 1742 1689 et
1771 1645 1998 1689 heredibus
2018 1647 2123 1690 meis

172 1730 279 1774 bene
300 1735 342 1774 et
363 1731 409 1773 in
429 1746 532 1786 pace
554 1731 711 1787 absque
743 1733 859 1774 omni
890 1733 1059 1775 servitio
1090 1738 1133 1776 et
1163 1735 1341 1777 seculari
1370 1736 1589 1778 exactione
1621 1769 1630 1781 ,
1662 1737 1746 1778 nisi
1776 1738 1890 1792 quod
1921 1737 2051 1780 abbas
2080 1741 2122 1780 et

173 1822 370 1864 monachi
405 1821 571 1864 dabunt
607 1823 713 1865 mihi
753 1827 796 1865 et
830 1824 1054 1866 heredibus
1090 1826 1193 1866 meis
1232 1831 1327 1881 post
1367 1841 1435 1868 me
1474 1827 1699 1869 dimidiam
1739 1843 1924 1870 marcam
1955 1830 2124 1885 argenti

173 1913 397 1955 annuatim
421 1947 430 1955 .
454 1917 497 1955 et
518 1928 597 1969 ego
619 1915 686 1956 vel
706 1914 881 1956 heredes
912 1915 996 1957 mei
1026 1915 1230 1958 faciemus
1261 1917 1480 1959 servitium
1510 1932 1634 1960 omne
1665 1920 1780 1974 quod
1810 1919 1936 1962 debet
1956 1921 2048 1962 fieri
2068 1922 2121 1963 de

174 2004 251 2046 illa
280 2008 393 2046 terra
416 2038 424 2046 .
449 2007 492 2046 et
524 2004 790 2047 GAUFRIDUS
812 2005 943 2047 frater
964 2020 1081 2048 meus
1101 2006 1211 2048 hanc
1241 2008 1514 2050 donationem
1544 2009 1758 2052 concessit.
1822 2009 1949 2056 Quod
1979 2011 2014 2052 si
2044 2026 2123 2067 ego

179 2095 245 2137 vel
267 2095 441 2137 heredes
462 2096 547 2137 mei
570 2095 847 2138 defecerimus
868 2097 919 2138 de
941 2097 1124 2147 servitio,
1148 2097 1276 2140 abbas
1305 2101 1347 2139 et
1366 2098 1563 2141 monachi
1583 2114 1670 2141 non
1689 2099 1850 2142 facient
1870 2101 2090 2143 servitium
2112 2135 2121 2144 .

176 2189 239 2228 set
259 2187 312 2227 de
331 2185 407 2227 illa
428 2186 607 2228 dimidia
627 2202 768 2228 marca
789 2202 917 2242 quam
939 2186 1095 2229 debent
1115 2187 1221 2229 mihi
1243 2189 1465 2230 annuatim
1487 2190 1587 2232 dare
1607 2205 1683 2245 pro
1699 2193 1812 2232 terra
1834 2224 1842 2234 .
1862 2191 2125 2235 satisfacient

175 2276 319 2318 comiti
363 2275 670 2319 GLOECESTRIE
698 2282 908 2333 quantum
939 2278 1126 2333 pertinet
1155 2280 1210 2320 ad
1240 2280 1325 2321 tale
1353 2280 1585 2322 servitium.
1647 2281 1731 2323 Pro
1762 2282 1840 2324 hac
1861 2283 2123 2325 concessione

177 2368 294 2409 dedit
324 2367 453 2409 michi
484 2367 613 2410 abbas
645 2402 653 2410 .
689 2383 749 2410 VI.
783 2384 944 2411 marcas
975 2370 1143 2425 argenti
1176 2403 1184 2411 .
1223 2373 1265 2412 et
1295 2385 1349 2412 ex
1380 2371 1513 2413 altera
1543 2376 1662 2426 parte
1696 2405 1703 2412 .
1738 2387 1812 2414 xx.
1846 2373 2000 2416 solidos
2033 2407 2041 2416 .
2072 2377 2122 2416 ut

175 2459 385 2501 auxilium
406 2459 445 2501 ei
467 2458 683 2514 preberem
705 2461 760 2501 ad
781 2459 1166 2502 diratiocinandam
1188 2461 1402 2503 ecclesiam
1427 2463 1614 2517 predicte
1633 2465 1743 2506 terre
1765 2466 1910 2506 contra
1932 2465 2120 2521 calump-

175 2549 358 2592 niatores
380 2583 389 2592 .
413 2554 455 2592 et
485 2550 648 2592 remisit
677 2550 807 2593 michi
837 2551 1029 2593 debitum
1060 2552 1192 2607 patris
1211 2552 1294 2594 mei
1316 2552 1471 2595 scilicet
1493 2553 1715 2596 dimidiam
1736 2569 1921 2597 marcam
1944 2589 1952 2598 .
1976 2560 2018 2598 et
2042 2590 2050 2599 .
2075 2571 2116 2599 v,

176 2641 332 2683 solidos
354 2674 362 2682 .
386 2655 491 2696 quos
514 2641 640 2683 debui
662 2656 737 2697 pro
768 2642 954 2697 quodam
983 2643 1161 2685 runcino
1192 2658 1318 2698 quem
1349 2658 1532 2686 emeram
1562 2660 1587 2686 a
1617 2645 1843 2687 cellerario.
1906 2646 2120 2689 Preteraea

176 2731 299 2773 uxori
319 2746 411 2773 mee
435 2731 683 2774 GUNNILDE
707 2765 715 2773 .
739 2733 857 2775 dedit
881 2766 889 2775 .
913 2739 1034 2775 111J0¹³
1062 2748 1224 2776 marcas
1253 2749 1328 2790 pro
1359 2736 1507 2777 eadem
1537 2736 1798 2778 concessione
1831 2770 1839 2778 .
1872 2740 1914 2779 et
1934 2738 2120 2780 maxime

175 2836 250 2877 pro
272 2822 535 2864 concessione
557 2821 781 2878 cujusdam
801 2823 934 2879 partis
956 2824 1148 2880 ejusdem
1169 2828 1278 2867 terre
1300 2840 1429 2880 quam
1459 2827 1658 2868 dederam
1689 2827 1727 2868 ei
1757 2827 1802 2868 in
1833 2828 1931 2870 dote
1956 2862 1965 2870 .
1989 2827 2123 2870 Dedit

174 2912 346 2967 insuper
376 2911 506 2954 abbas
535 2913 673 2955 tribus
702 2913 845 2956 liberis
875 2915 979 2957 meis
1009 2930 1084 2970 pro
1117 2916 1264 2958 eadem
1305 2916 1567 2958 concessione
1600 2949 1608 2958 .
1642 2917 1869 2973 unicuique
1900 2918 2122 2960 dimidiam

176 3017 361 3045 marcam
392 3003 561 3059 argenti
593 3037 601 3046 .
635 3008 677 3047 et
708 3005 813 3047 duas
843 3020 988 3048 vaccas
1019 3007 1073 3048 ad
1103 3007 1302 3061 parvulos
1330 3006 1579 3049 nutriendos
1611 3041 1620 3049 .
1654 3007 1781 3053 Quod
1812 3008 1847 3049 si
1878 3011 1969 3050 orta
1996 3008 2128 3050 fuerit
