2425 3423
1999 260 2112 302 2293

1033 479 1358 523 MDLXXIII.

215 600 700 646 OONFIRMATION
792 603 879 646 BY
968 602 1234 647 GRIFFIN
1326 603 1459 647 AND
1551 604 1767 648 OTHER
1860 605 2008 650 SONs
2088 607 2166 651 OF

366 699 778 744 KANAYTHUR
818 701 895 744 ΤΟ
945 701 1221 744 MARGAM
1260 701 1489 754 ABBEY,
1537 702 1615 745 OF
1661 703 1791 747 THE
1832 704 2040 749 LANDS
2082 706 2160 749 OF

360 797 815 853 KYLLEOULUM,
857 800 1160 844 OHARGED
1203 800 1380 845 WITH
1416 803 1460 845 A
1496 801 1667 846 RENT
1701 803 1780 846 OF
1815 803 2158 849 FOURTEEN

362 898 566 942 PENOE
608 899 684 943 TO
725 899 856 942 THE
898 900 1116 944 EARL'S
1157 899 1460 953 KITOHEN,
1503 900 1607 944 Ero.

934 1024 1164 1081 [MARGAM
1198 1024 1456 1081 CHARTER]

1143 1124 1269 1167 LATE
1303 1125 1419 1167 12TH
1451 1139 1507 1168 on
1536 1123 1696 1166 EARLY
1728 1126 1846 1168 13ΤΗ
1878 1125 2106 1170 CENTURY.

280 1247 490 1290 Omnibus
512 1263 542 1290 s.
566 1263 600 1290 e.
625 1248 655 1289 f.
679 1263 719 1304 p.
743 1254 785 1291 et
801 1248 831 1290 f.
895 1248 1148 1291 GRIFFINUS
1170 1282 1179 1291 .
1203 1248 1450 1291 MADDocus
1473 1282 1482 1291 .
1505 1248 1733 1290 ANAROUD
1767 1282 1775 1291 .
1808 1251 1850 1292 et
1880 1249 2014 1292 ENER
2046 1285 2054 1293 .
2087 1252 2166 1294 filii

223 1336 521 1380 KANAYTHUR
557 1339 751 1381 salutem.

280 1435 433 1479 Sciatis
454 1452 530 1479 nos
551 1452 756 1480 consensu
776 1437 980 1480 heredum
1002 1441 1043 1480 et
1064 1441 1290 1493 parentum
1317 1441 1360 1481 et
1385 1438 1617 1481 amicorum
1649 1442 1891 1483 nostrorum
1918 1441 2164 1484 concessisse

222 1529 264 1569 et
284 1527 449 1569 dedisse
473 1561 481 1569 .
506 1530 548 1569 et
568 1527 610 1569 h.
634 1543 667 1570 c.
691 1543 732 1569 n.
756 1528 1021 1570 confirmasse
1043 1528 1097 1570 D.
1121 1531 1163 1570 et
1184 1543 1219 1570 e.
1243 1527 1285 1570 S.
1309 1528 1370 1571 M.
1394 1529 1447 1571 de
1468 1528 1674 1571 MARGAN
1705 1532 1748 1572 et
1775 1544 1832 1572 m.
1867 1530 1894 1572 i.
1933 1530 1988 1572 D.
2024 1545 2054 1574 s,
2089 1547 2165 1588 pro

221 1615 444 1659 animabus
487 1617 640 1659 nostris
671 1620 713 1659 et
743 1620 1052 1660 antecessorum
1083 1622 1125 1659 et
1155 1633 1437 1660 suceessorum
1467 1622 1709 1662 nostrorum
1738 1620 1785 1662 in
1815 1635 1968 1676 puram
1998 1625 2041 1664 et
2070 1637 2164 1678 per-

221 1709 395 1762 petuam
426 1707 699 1749 elemosinam
723 1741 731 1749 .
755 1711 889 1750 totam
920 1712 1076 1750 terram
1109 1712 1296 1751 nostram
1332 1709 1385 1751 de
1416 1708 1730 1752 KYLLECULUM
1765 1744 1774 1753 .
1810 1712 1967 1754 scilicet
2001 1715 2167 1768 partem

220 1798 340 1840 illam
372 1813 453 1854 que
483 1798 570 1841 fuit
600 1799 732 1854 patris
762 1799 895 1841 nostri
929 1833 936 1841 .
971 1799 1265 1841 KANAYTHUR
1295 1833 1303 1841 .
1334 1803 1376 1842 et
1400 1803 1566 1855 partem
1595 1800 1715 1844 illam
1743 1816 1825 1858 que
1852 1802 1938 1845 fuit
1966 1804 2167 1847 avunculi

218 1889 353 1931 nostri
374 1888 627 1932 WILLELMI
652 1922 659 1930 .
683 1904 813 1945 quam
833 1889 1012 1931 emimus
1034 1889 1087 1931 ab
1108 1890 1261 1932 herede
1282 1890 1475 1945 ejusdem
1503 1890 1753 1934 WILLELMI
1777 1927 1785 1935 .
1809 1893 1887 1936 hoc
1912 1897 1975 1936 est
2006 1895 2164 1937 medie-

218 1983 351 2022 tatem
372 1980 567 2035 ejusdem
590 1983 698 2022 terre
726 1981 778 2021 de
811 1979 1123 2022 KYLLECULUM
1147 2014 1154 2022 .
1179 1996 1274 2023 cum
1299 1981 1497 2024 omnibus
1527 1982 1787 2025 aisiamentis
1820 1987 1863 2026 et
1894 1985 2164 2040 pertinentiis

219 2071 303 2114 suis
327 2104 335 2113 .
359 2074 408 2113 ut
428 2070 615 2112 habeant
637 2077 678 2112 et
699 2074 875 2112 teneant
896 2086 989 2113 eam
1010 2071 1139 2113 libere
1162 2076 1203 2114 et
1224 2072 1365 2127 quiete
1387 2072 1439 2114 ab
1461 2073 1578 2115 omni
1600 2074 1771 2117 servitio
1792 2108 1800 2117 .
1825 2077 2129 2120 consuetudine
2154 2111 2161 2118 .

225 2164 268 2204 et
295 2161 513 2204 exactione
549 2161 725 2203 seculari
759 2194 768 2204 .
804 2162 912 2203 sieut
945 2162 1030 2203 ulla
1063 2162 1290 2204 elemosina
1325 2162 1497 2205 liberius
1529 2167 1572 2206 et
1606 2165 1791 2220 quietius
1825 2168 1964 2222 potest
2002 2168 2170 2211 teneri.

217 2255 392 2308 excepto
427 2252 598 2294 servitio
635 2252 749 2307 quod
776 2255 1056 2294 antecessores
1087 2254 1220 2294 nostri
1256 2268 1332 2308 pro
1363 2257 1484 2296 tanto
1519 2258 1764 2298 tenemento
1797 2257 1992 2299 solebant
2024 2257 2162 2302 facere

218 2344 272 2385 ad
294 2343 518 2398 coquinam
549 2342 714 2384 comitis
746 2376 754 2383 .
788 2343 945 2385 scilicet
975 2345 1294 2398 quatuordecim
1325 2345 1509 2388 denariis
1536 2361 1640 2401 quos
1669 2346 1750 2402 ipsi
1778 2348 1975 2391 monachi
2003 2350 2160 2405 persol-

215 2437 317 2476 vent
337 2434 507 2489 quando
527 2433 690 2475 fuerint
710 2434 914 2488 requisiti.
977 2434 1036 2477 Et
1057 2450 1133 2477 nos
1153 2438 1196 2477 et
1210 2436 1384 2478 heredes
1403 2437 1537 2479 nostri
1558 2437 1667 2480 hanc
1683 2439 1957 2482 elemosinam
1969 2444 2158 2485 nostram

215 2524 414 2580 predictis
433 2523 651 2565 monachis
671 2527 817 2566 contra
837 2539 983 2567 omnes
1004 2525 1195 2568 homines
1215 2527 1583 2571 warentizabimus
1603 2528 1649 2570 in
1669 2532 1936 2585 perpetuum.
1998 2531 2083 2575 Sed
2114 2536 2156 2575 et

215 2614 432 2657 sciendum
455 2614 569 2668 quod
596 2628 741 2655 omnes
767 2620 898 2657 terras
927 2631 1008 2671 que
1037 2619 1135 2658 sunt
1163 2617 1278 2660 infra
1307 2618 1510 2661 terminos
1534 2619 1822 2674 predictorum
1850 2621 2154 2667 monachorum

217 2704 372 2746 scilicet
393 2704 504 2745 inter
523 2703 691 2746 AUENE
714 2708 755 2746 et
776 2704 1003 2748 KENEFEG
1027 2739 1035 2748 .
1058 2706 1351 2763 abjuravimus
1371 2709 1698 2765 imperpetuum.

275 2801 377 2844 Hiis
408 2801 586 2844 testibus
616 2802 820 2858 magistro
863 2803 1082 2846 RADULFO
1122 2805 1310 2848 MAYLOO
1343 2840 1352 2849 .
1390 2807 1624 2850 WALTERO
1656 2807 1817 2851 LUVEL
1856 2842 1864 2851 .
1912 2809 2154 2854 STEPHANO

216 2894 364 2935 clerico
387 2926 395 2935 .
420 2892 655 2936 WASMERO
677 2927 685 2935 .
710 2892 877 2936 ΤΗΟΜΑ
894 2895 1020 2938 ALsso
1043 2929 1051 2937 .
1077 2896 1195 2938 REso
1218 2896 1350 2939 OHOH
1374 2931 1382 2940 .
1408 2898 1595 2940 Roomm
1618 2898 1873 2942 GRAMMUS.
1895 2899 2152 2944 WILLELMO

216 2986 332 3028 Com:
357 3018 364 3027 .
390 2984 625 3027 GALFRIDO
647 2983 734 3026 filio
757 2984 932 3027 OSMERI
957 3019 964 3027 .
989 2990 1031 3028 et
1052 2988 1198 3029 multis
1224 2988 1330 3030 aliis.
