2425 3423
343 194 456 237 2120

279 400 454 444 heredes
473 401 559 444 mei
579 403 632 445 de
653 405 730 445 aut
749 403 796 445 in
816 403 955 447 tribus
975 404 1081 447 acris
1108 405 1221 461 prati
1243 421 1339 449 cum
1369 407 1456 450 suis
1485 407 1760 464 pertinenciis
1790 407 2033 464 jacentibus
2061 410 2104 451 et
2133 408 2244 451 exis-

277 491 468 535 tentibus
488 492 534 535 in
556 493 756 548 parochia
776 494 829 537 de
851 493 1033 538 WENvo
1054 499 1098 538 et
1118 497 1322 540 comitatu
1353 498 1556 554 predicto,
1579 499 1632 541 de
1663 497 1819 555 quibus
1849 499 1933 541 due
1953 513 2047 542 acre
2066 499 2244 542 insimul

278 581 423 638 jacent
443 583 490 625 in
512 584 698 639 quodam
718 586 841 640 prato
856 589 1005 628 vocato
1024 589 1035 610 ‘
1053 585 1146 629 The
1165 587 1211 629 N
1214 602 1314 630 EWE
1336 588 1507 631 MEADE
1526 589 1537 608 '
1559 590 1673 632 inter
1693 593 1866 646 pratum
1886 590 2014 632 modo
2030 589 2076 632 in
2091 592 2245 633 tenura

279 671 435 716 an1s
453 673 483 717 J
486 688 603 716 OHNs
624 689 677 716 ex
697 678 818 730 parte
838 674 1004 728 boriali,
1026 680 1198 733 pratum
1213 679 1340 721 modo
1360 679 1406 722 in
1423 682 1576 722 tenura
1593 680 1835 723 FRANmsm
1857 680 1887 724 J
1890 694 2032 722 EvANI
2049 695 2102 723 ex
2121 682 2242 737 parte

279 764 490 817 orientali,
520 765 750 821 parcellam
779 767 893 822 prati
923 767 1027 809 dicti
1057 767 1280 811 Momm
1311 769 1544 814 NICHOLAs
1574 786 1626 813 ex
1657 775 1778 827 parte
1806 771 1996 824 australi,
2018 775 2062 814 et
2080 774 2240 815 terram

277 858 539 911 spectantem
569 857 745 900 rectoris
776 858 829 900 de
859 857 1042 901 WENvo
1073 874 1127 901 ex
1155 863 1278 914 parte
1308 861 1571 915 occidentali,
1603 868 1646 905 et
1676 863 1761 905 alia
1790 877 1887 905 acra
1916 863 2029 919 prati
2058 861 2172 919 jacet
2191 862 2238 906 in

280 949 290 968 ⁴
306 945 540 990 WENvons
575 947 741 990 Moonn
757 947 767 967 ’
798 948 958 992 ibidem
987 951 1114 993 modo
1147 951 1194 993 in
1224 954 1378 994 tenura
1405 953 1509 996 dieti
1534 954 1754 996 MORGANI
1785 953 2017 997 NICHOLAS
2038 957 2080 996 et
2101 968 2239 1010 nuper

276 1045 368 1081 erat
387 1038 433 1080 in
455 1042 609 1082 tenura
629 1039 829 1082 M1L0le
849 1039 1037 1082 BUTTON
1059 1041 1275 1097 armigeri,
1296 1057 1371 1098 per
1391 1046 1526 1086 metas
1539 1047 1589 1087 vet
1607 1044 1802 1087 boundas
1823 1060 1919 1087 suas
1940 1047 2067 1100 prout
2088 1045 2237 1087 eadem

275 1129 419 1171 omnia
441 1131 568 1173 modo
590 1134 690 1173 sunt
710 1131 756 1173 in
776 1134 930 1174 tenura
950 1131 1084 1187 ipsius
1105 1131 1340 1175 MonoAm.
1403 1133 1475 1176 Ita
1495 1133 1691 1177 videlicet
1712 1135 1826 1190 quod
1846 1149 1923 1177 nec
1945 1149 2024 1191 ego
2044 1134 2238 1190 prefatus

277 1219 563 1264 WILLELMUS
585 1220 817 1264 Gmrmrn
845 1237 922 1265 nec
941 1222 1116 1265 heredes
1136 1223 1220 1266 mei
1242 1239 1379 1280 neque
1407 1224 1561 1280 aliquis
1590 1225 1699 1268 alius
1729 1241 1804 1281 per
1827 1241 1904 1268 nos
1924 1241 1999 1282 pro
2021 1225 2142 1269 nobis
2162 1239 2236 1267 seu

273 1311 364 1354 vice
381 1327 428 1355 ac
444 1313 617 1355 nomine
638 1328 732 1356 meo
748 1313 922 1369 aliquod
942 1314 1014 1370 jus
1035 1317 1195 1357 statum
1212 1315 1390 1357 titulum
1411 1316 1620 1358 clameum
1637 1317 1925 1359 demaundam
1941 1319 2017 1359 aut
2031 1316 2236 1359 interesse

273 1403 326 1445 de
348 1406 422 1446 aut
443 1404 489 1446 in
510 1404 711 1460 predictis
731 1404 868 1447 tribus
890 1405 995 1448 acris
1022 1406 1135 1461 prati
1166 1421 1263 1449 cum
1294 1407 1380 1449 suis
1410 1407 1682 1463 pertinenciis
1712 1423 1850 1463 neque
1880 1408 1926 1450 in
1948 1407 2092 1463 aliqua
2111 1410 2232 1463 parte

273 1509 346 1536 seu
381 1496 566 1550 parcella
599 1497 831 1538 eorundem
874 1497 1066 1540 decetero
1102 1498 1274 1554 exigere
1307 1498 1489 1541 clamare
1528 1499 1596 1541 vel
1631 1499 1854 1542 vendicare
1886 1499 2122 1554 poterimus
2152 1512 2231 1540 neo

272 1585 475 1628 debemus
497 1587 773 1642 quovismodo
795 1588 840 1629 in
861 1587 1022 1641 futuro,
1045 1590 1119 1631 sed
1139 1588 1193 1631 ab
1215 1589 1332 1631 omni
1354 1590 1521 1632 accione
1550 1589 1659 1646 juris
1679 1590 1796 1632 tituli
1818 1590 1968 1632 clamei
1989 1589 2230 1632 demaunde

267 1680 310 1719 et
340 1677 541 1720 interesse
572 1678 672 1720 inde
704 1679 835 1721 simus
865 1679 1037 1734 penitus
1067 1680 1226 1722 exclusi
1258 1695 1333 1736 per
1363 1683 1589 1736 presentes.
1651 1680 1707 1723 In
1739 1696 1771 1724 c.
1794 1697 1828 1723 r.
1851 1684 1882 1723 t.
1906 1681 2006 1723 huic
2036 1679 2224 1736 presenti

271 1768 425 1824 scripto
446 1783 540 1811 meo
562 1769 753 1825 sigillum
773 1785 916 1812 meum
938 1771 1128 1826 apposui.

327 1859 493 1902 Datum
527 1860 724 1903 vicesimo
757 1864 875 1904 sexto
915 1862 984 1904 die
1026 1861 1056 1904 J
1058 1862 1226 1904 anuarii
1258 1877 1371 1905 anno
1407 1863 1529 1919 regni
1557 1863 1727 1906 domine
1756 1868 1898 1905 nostre
1932 1862 2228 1905 ELIZABETHE

269 1950 326 1993 D.
350 1965 391 2007 g.
415 1950 602 1993 ANGLIE
624 1951 863 1994 FRAUNCIE
885 1956 928 1995 et
950 1952 1193 1995 HIBERNIE
1216 1953 1385 2010 Regine
1406 1954 1435 1996 f.
1460 1955 1500 1996 d.
1524 1957 1601 1997 etc.
1625 1954 1836 1997 tricesimo
1857 1956 1988 1997 sexto.

1443 2045 1605 2101 Signed
1637 2045 1860 2088 WILL1AM
1893 2044 2166 2087 GRIFFITHE.

325 2132 423 2175 Seal
443 2133 487 2175 in
510 2135 585 2175 red
606 2149 714 2177 waX.
776 2134 819 2176 A
841 2134 978 2178 shield
994 2135 1039 2177 of
1060 2150 1196 2178 arms:
1220 2151 1245 2178 a
1266 2136 1447 2178 chevron
1468 2135 1658 2179 between
1677 2137 1701 2177 3
1719 2136 2017 2188 fieurs-de-lis3
2055 2135 2227 2191 usually

266 2224 339 2266 the
360 2239 472 2267 arms
492 2226 596 2267 used
616 2224 675 2281 by
697 2225 817 2268 those
839 2226 933 2269 who
956 2227 1136 2269 claimed
1158 2227 1329 2270 descent
1350 2228 1461 2270 from
1482 2227 1626 2270 Einon
1648 2242 1701 2283 ap
1724 2227 1931 2282 Collwyn.

324 2315 618 2358 Endorsed—‘
634 2317 886 2373 Wytnesses
919 2322 963 2360 at
1003 2319 1076 2362 the
1117 2319 1308 2375 sealinge
1343 2320 1429 2361 and
1466 2319 1695 2375 delyverye
1740 2353 1748 2361 .
1795 2318 1992 2362 William
2029 2317 2180 2373 Harry
2210 2349 2223 2360 .

268 2405 421 2449 Marke
443 2406 616 2450 Griffith
648 2442 657 2451 .
690 2408 807 2451 John
830 2408 960 2452 Cole.'
