2425 3423
1908 279 2019 320 2271

133 486 175 524 et
195 482 480 525 NORMANNIE
505 517 513 525 .
537 487 578 526 et
599 483 808 526 Portuum
829 483 956 525 maris
980 516 989 526 .
1013 487 1056 524 et
1077 483 1331 526 nominatim
1355 484 1586 527 ΗΑΜΤΟΝΕ
1618 518 1627 527 .
1655 489 1695 528 et
1717 485 1978 528 HASTINGES
2002 519 2010 528 .
2034 488 2075 528 et

132 570 280 614 Donn’
303 577 345 615 et
368 606 376 615 .
400 573 556 616 DEOPE
583 607 590 615 .
616 577 658 616 et
682 572 968 615 BARBEFLET'
995 607 1003 615 .
1036 576 1079 615 et
1101 573 1373 617 OISTREHAM
1397 609 1405 617 .
1429 575 1624 618 salutem.

191 661 384 718 Preeipio
414 665 528 719 quod
558 664 656 719 equi
686 667 727 706 et
759 679 902 706 omnes
931 679 996 706 res
1025 664 1329 707 monachorum
1370 666 1422 707 de
1458 665 1666 707 MARGAM
1700 700 1708 708 .
1742 667 1827 708 sint
1858 667 1990 722 quieti
2020 667 2072 708 de

133 751 299 795 teloneo
322 786 331 795 .
355 757 396 795 et
416 754 609 810 passagio
632 786 641 796 .
664 759 706 796 et
725 754 928 809 pontagio
961 787 969 795 .
1003 758 1044 795 et
1070 753 1186 795 omni
1217 755 1520 796 consuetudine
1554 788 1561 796 .
1595 754 1655 797 Et
1680 755 1880 810 prohibeo
1901 771 1954 798 ne
1980 756 2073 811 quis

134 855 203 883 eos
224 841 384 897 injuste
406 842 615 886 disturbet
636 858 760 899 super
781 847 853 886 xli.
877 844 1165 886 forisfactione
1198 877 1206 886 .
1240 843 1451 887 Testibus.

196 929 263 959 The
292 935 437 968 seaports
463 933 807 971 are—Southampton‚
832 934 1001 971 Hastings,
1028 934 1146 972 Dovery
1173 934 1305 972 Dieppe,
1335 935 1490 972 Barfleur,
1518 936 1581 964 and
1611 935 1807 965 Hosti-eham
1836 945 1870 965 or
1898 936 2067 966 Estreham

144 985 287 1023 thought
304 987 347 1024 by
362 987 473 1025 Eyton
490 989 668 1027 (Itinerary
682 989 721 1024 of
736 989 846 1027 Henry
862 989 918 1027 II.‚
934 998 965 1028 p.
984 991 1007 1018 l.
1024 990 1069 1027 n.)
1093 993 1127 1020 to
1143 991 1182 1019 be
1197 999 1270 1019 now
1286 991 1492 1028 represented
1514 991 1558 1029 by
1581 991 1752 1021 Estreham
1773 1001 1791 1021 a
1814 992 1934 1030 viHage
1955 996 1988 1021 at
2011 992 2065 1022 the

144 1041 257 1071 mouth
275 1042 308 1071 of
330 1041 387 1072 the
403 1043 502 1073 River
519 1043 612 1074 Orne.

1036 1227 1185 1270 MDL.

133 1331 435 1375 OHARTER,
505 1332 582 1375 OF
651 1333 881 1377 HENRY
940 1334 1004 1377 II.
1065 1335 1436 1379 ADDRESSED
1498 1336 1574 1380 ΤΟ
1636 1337 1764 1390 RES,
1826 1338 1943 1381 SON
2003 1338 2080 1381 OF

281 1422 604 1476 GRIFFITH,
640 1425 774 1468 AND
810 1425 917 1468 HIS
947 1426 1279 1470 FAITHFUL
1312 1427 1697 1481 WELSHMEN,
1722 1428 2083 1472 NOTIFYING

279 1513 387 1556 HIS
422 1514 815 1558 PROTEOTION
850 1516 927 1559 OF
963 1517 1240 1560 MARGAM
1274 1518 1504 1571 ABBEY,
1527 1519 1661 1562 AND
1700 1519 1873 1563 THAT
1904 1520 2081 1563 THEY

279 1605 407 1647 ABE
450 1605 525 1647 TO
563 1605 853 1648 GAPTURE
896 1606 1266 1651 OFFENDERS
1307 1609 1583 1652 AGAINST
1616 1610 1694 1653 ΙΤ.

898 1713 1130 1770 [MARGAM
1162 1715 1324 1772 Rom]

1363 1808 1596 1850 BETWEEN
1631 1810 1742 1852 1154
1773 1824 1866 1852 AND
1899 1811 2023 1853 1189.

190 1912 432 1955 HENRmUs
461 1946 468 1955 .
499 1912 594 1955 Rex
630 1912 890 1955 ANGLORUM
919 1946 928 1955 .
953 1914 1042 1956 dux
1073 1914 1435 1958 NORMANNORUM
1465 1949 1474 1958 .
1507 1916 1589 1973 [et]
1617 1917 1961 1962 AQUITANORUM
1999 1953 2006 1961 .
2046 1924 2087 1962 et

133 2018 270 2046 eomes
302 2003 659 2046 ANDEGAVORUM
707 2036 716 2045 .
762 2003 880 2045 Rssso
915 2004 1003 2046 filio
1038 2004 1199 2047 Grmrr'
1242 2009 1284 2048 et
1323 2006 1422 2049 fflfis
1463 2006 1661 2050 CRADOCI
1697 2042 1706 2050 .
1737 2012 1779 2051 et
1812 2009 1913 2051 filiis
1945 2009 2081 2052 Ynoss

131 2095 252 2151 parvi
274 2128 282 2137 .
306 2097 349 2137 et
371 2094 442 2139 W.
466 2096 519 2137 de
540 2094 725 2136 BRAUSA
747 2128 755 2136 .
780 2098 821 2136 et
843 2094 1039 2137 omnibus
1059 2095 1256 2138 fidelibus
1277 2096 1362 2139 suis
1375 2097 1510 2140 tocius
1536 2097 1730 2141 WALmE
1753 2100 1945 2142 salutem.

184 2186 335 2229 Sciatis
356 2187 471 2241 quod
491 2186 582 2242 cepi
602 2186 648 2228 in
677 2200 854 2227 manum
881 2199 1020 2228 meam
1049 2190 1090 2228 et
1111 2187 1348 2230 custodiam
1379 2192 1421 2230 et
1450 2190 1757 2244 protectionem
1784 2190 2001 2234 abbatiam
2023 2192 2075 2234 de

129 2277 334 2320 MARGAN
371 2280 414 2319 et
447 2291 591 2319 omnes
622 2276 815 2319 homines
850 2279 893 2318 et
927 2277 1205 2331 possessiones
1233 2292 1328 2320 suas
1371 2311 1379 2320 .
1417 2278 1479 2321 Et
1505 2279 1600 2322 ideo
1628 2280 1813 2337 precipio
1841 2283 1955 2337 quod
1986 2297 2079 2325 eam

125 2367 440 2410 manuteneatis
469 2401 477 2409 .
513 2370 555 2409 et
584 2366 817 2422 protegatis
852 2399 860 2407 .
893 2369 936 2408 et
968 2367 1214 2409 custodiatis
1248 2372 1289 2410 et
1318 2382 1462 2411 omnes
1496 2370 1688 2413 homines
1722 2375 1764 2413 et
1796 2372 2076 2427 possessiones

130 2474 185 2501 ne
217 2459 312 2516 quis
332 2458 459 2501 eisin
491 2457 634 2512 aliquo
661 2456 896 2499 forisfaciat
928 2491 936 2499 .
969 2456 1030 2499 Et
1061 2458 1095 2499 si
1126 2473 1230 2513 quos
1254 2458 1445 2501 invenire
1474 2460 1667 2516 poteritis
1689 2493 1698 2502 .
1721 2460 1805 2503 Vel
1834 2462 1880 2504 in
1908 2463 2073 2519 aliquos

123 2564 301 2592 manum
333 2550 502 2591 mittere
535 2548 610 2604 qui
641 2547 700 2589 eis
732 2547 999 2592 forisfaciant
1032 2582 1038 2590 .
1073 2548 1156 2592 Vel
1192 2549 1356 2605 aliquid
1384 2551 1437 2592 de
1469 2550 1631 2593 catellis
1656 2566 1802 2595 eorum
1835 2553 2023 2609 ceperint
2057 2588 2065 2596 .

125 2655 299 2696 corpora
319 2654 464 2683 eorum
485 2638 672 2681 reddatis
692 2637 862 2694 justicie
882 2653 974 2681 mee
1007 2672 1014 2681 .
1049 2642 1091 2681 et
1113 2640 1267 2682 catalla
1297 2640 1357 2682 eis
1385 2641 1508 2683 reddi
1537 2641 1779 2698 ubieunque
1801 2658 1850 2685 ea
1878 2644 2070 2688 invenire

121 2730 309 2786 poterint
331 2764 339 2773 .
363 2729 542 2772 faciatis.
604 2727 817 2771 Testibus.
