2425 3423
356 291 470 333 2236

1131 474 1418 518 MDXXIII.

297 585 678 631 OOMMISSION
707 584 783 627 ΤΟ
818 582 989 626 ΤΑΚΕ
1024 580 1544 625 REGOGNIZANGES
1573 580 1646 623 IN
1679 581 1724 623 A
1752 579 1897 622 SUIT
1927 580 2243 624 BETWEEN

439 669 468 712 J
472 667 609 712 OHN
675 665 946 709 MORGAN
1014 664 1149 707 AND
1219 662 1502 706 HOPKINs
1561 661 1765 707 DAVID
1837 661 2246 707 OONGERNING

440 750 615 795 LAND
667 749 740 792 IN
789 746 1110 792 sWANsnA.

1152 804 1228 862 [e.
1248 803 1300 847 e.
1319 803 1394 860 R]

1397 887 1451 929 16
1482 885 1610 928 SEPT.
1674 885 1732 927 24
1764 884 1898 927 offis.
1932 884 1998 928 II.
2061 886 2185 928 1672.

352 982 556 1026 CAROLUS
596 982 804 1024 secundus
843 980 929 1023 Dei
968 979 1108 1036 gratia
1148 979 1303 1022 Scocm
1355 978 1590 1020 FFRANcm
1631 979 1674 1019 et
1723 975 1965 1018 HIBERNIE
2008 975 2105 1019 Rex
2144 976 2245 1019 fidei

293 1074 491 1117 defensor
523 1076 600 1116 etc.
647 1106 655 1114 .
704 1106 712 1115 .
762 1106 770 1114 .
816 1071 987 1114 Dilecto
1020 1075 1062 1113 et
1095 1070 1212 1113 fideli
1238 1072 1382 1112 nostro
1419 1068 1654 1111 EDWARDO
1689 1066 1912 1110 MANSELL
1944 1066 2166 1110 baronetto
2202 1070 2244 1110 et

291 1164 489 1209 fidelibus
520 1163 676 1207 nostris
716 1163 872 1206 DAvm
912 1162 1077 1205 BEVAN
1126 1196 1134 1204 .
1179 1161 1390 1205 JOHANNI
1434 1160 1670 1203 HowELLE
1716 1193 1725 1203 .
1771 1159 1992 1202 HopmNo
2031 1159 2174 1203 JONES
2204 1162 2247 1202 et

294 1290 303 1299 .
338 1289 347 1299 .
383 1290 391 1298 .
425 1289 432 1298 .
468 1254 683 1312 generosis
704 1254 899 1297 salutem.

350 1346 461 1389 Cum
480 1346 606 1389 breve
627 1347 821 1388 nostrum
849 1345 902 1386 de
932 1343 1211 1387 conventione
1242 1343 1427 1398 pendeat
1457 1356 1597 1385 coram
1627 1342 1874 1399 justiciariis
1905 1342 2060 1385 nostris
2089 1356 2245 1398 magne

290 1438 484 1481 sessionis
504 1439 647 1480 nostre
676 1436 902 1479 comitatus
933 1434 1235 1478 GLAMORGAN’
1266 1433 1380 1476 inter
1409 1432 1440 1477 J
1441 1448 1667 1476 OHANNEM
1700 1433 1902 1475 MORGAN
1934 1437 2181 1489 querentem
2202 1437 2244 1475 et

289 1530 504 1573 Hor-Kms
534 1528 690 1571 DAvm
722 1530 764 1570 et
794 1527 1000 1570 RUTHAM
1032 1539 1209 1568 uxorem
1239 1524 1333 1581 ejus
1364 1523 1646 1567 deforciantes
1678 1525 1731 1567 de
1771 1538 1857 1567 uno
1887 1524 2126 1579 messuagio
2157 1538 2243 1566 uno

291 1621 472 1679 gardino
511 1623 555 1663 et
589 1634 676 1662 uno
718 1617 944 1674 curtilagio
985 1632 1082 1659 cum
1121 1615 1395 1673 pertinenciis
1422 1615 1468 1658 in
1499 1615 1603 1658 villa
1633 1616 1685 1658 de
1715 1614 1935 1658 SWANSEY
1964 1615 2010 1657 in
2041 1615 2246 1658 comitatu

284 1712 473 1769 predicto
504 1712 559 1754 ad
588 1711 719 1754 finem
758 1710 858 1752 inde
899 1723 1039 1751 coram
1078 1708 1326 1764 justiciariis
1367 1707 1522 1749 nostris
1561 1706 1761 1763 predictis
1791 1707 1836 1749 in
1870 1707 2018 1749 eadem
2058 1706 2238 1749 sessione

289 1804 520 1847 levandum
541 1802 774 1845 secundum
793 1801 936 1856 legem
956 1802 999 1842 et
1020 1798 1371 1842 consuetudinem
1392 1798 1512 1854 regni
1536 1798 1670 1841 nostri
1689 1798 1873 1840 ANGLIE
1908 1832 1916 1840 .
1951 1797 2012 1840 Et
2032 1798 2246 1854 predictus

288 1895 504 1938 HOPKINS
525 1897 566 1937 et
588 1894 759 1937 Rom»,
779 1893 884 1935 adeo
903 1891 1159 1947 impotentes
1180 1890 1372 1934 existunt
1393 1891 1507 1946 quod
1540 1889 1697 1946 absque
1731 1889 1919 1932 maximo
1947 1904 2120 1932 suorum
2154 1904 2241 1933 cor-

292 2001 444 2043 porum
465 1985 653 2042 periculo
674 1998 807 2040 usque
824 1984 880 2026 ad
901 1983 1134 2026 CARDIFFE
1156 1983 1202 2024 in
1218 1982 1424 2025 comitatu
1446 1982 1633 2038 predicto
1650 1982 1704 2023 ad
1726 1981 1840 2024 diem
1861 1981 1907 2023 in
1923 1980 2041 2025 brevi
2057 1980 2247 2038 predicto

295 2081 539 2121 contentam
560 2080 603 2119 et
633 2075 947 2132 recognicioncs
968 2089 1050 2130 que
1071 2073 1117 2116 in
1137 2073 1217 2116 hac
1241 2075 1362 2129 parte
1392 2073 1668 2129 requiruntur
1698 2071 1889 2115 laborare
1916 2087 2004 2115 non
2033 2072 2250 2115 sufficiunt

295 2174 345 2213 ut
366 2169 604 2225 accepimus
635 2202 643 2210 .
676 2166 770 2210 Nos
785 2168 946 2209 statum
968 2165 1200 2208 eorundem
1221 2163 1434 2206 Homnm
1457 2166 1499 2206 et
1521 2163 1688 2206 RUTHE
1708 2163 1943 2219 plurimum
1963 2163 2009 2205 in
2029 2163 2108 2205 hac
2128 2166 2248 2219 parte

297 2259 605 2317 compacientes
636 2257 832 2300 dedimus
861 2258 1115 2313 potestatem
1146 2254 1265 2297 vobis
1295 2258 1477 2310 quatuor
1507 2253 1645 2297 tribus
1674 2254 1743 2296 vel
1773 2253 1938 2296 duobus
1968 2256 2155 2296 vestrum
2194 2255 2250 2297 ad

296 2352 587 2408 recipiendum
607 2349 875 2406 cogniciones
897 2362 1001 2404 quas
1022 2346 1201 2403 predicti
1231 2345 1480 2388 HOPKINUS
1501 2348 1543 2388 et
1565 2344 1733 2387 RUTHA
1762 2359 1901 2387 coram
1921 2344 2040 2388 vobis
2069 2348 2251 2401 quatuor

298 2443 434 2486 tribus
454 2442 522 2485 vel
542 2440 708 2484 duobus
728 2443 917 2483 vestrum
938 2438 1075 2480 facere
1106 2437 1332 2480 voluerunt
1363 2437 1410 2478 in
1440 2436 1665 2492 premissis.
1728 2435 1789 2478 Et
1809 2436 1905 2478 ideo
1926 2435 2047 2478 vobis
2067 2440 2249 2492 quatuor

299 2534 436 2577 tribus
457 2533 525 2575 vel
557 2531 722 2574 duobus
754 2533 942 2573 vestrum
973 2529 1226 2571 mandamus
1248 2528 1362 2583 quod
1383 2528 1438 2570 ad
1458 2527 1646 2583 prefatos
1678 2526 1941 2569 HOPKINUM
1970 2529 2011 2569 et
2045 2527 2249 2570 RUTHAM

299 2623 575 2682 personaliter
605 2623 849 2666 accedentes
879 2619 1146 2677 cogniciones
1167 2633 1263 2662 suas
1282 2618 1493 2674 predictas
1512 2617 1724 2674 recipiatis
1744 2621 1787 2660 et
1807 2632 1904 2660 oum
1924 2632 1993 2660 eas
2011 2619 2251 2674 receperitis

299 2713 545 2771 justiciariis
564 2713 718 2756 nostris
738 2711 940 2768 predictis
960 2709 1038 2753 sub
1062 2709 1214 2766 sigiffls
1234 2708 1384 2751 vestris
1404 2708 1602 2751 distincte
1624 2712 1667 2750 et
1687 2710 1861 2764 apperte
1881 2709 2069 2752 reddatis
2085 2712 2127 2752 et
2146 2714 2249 2753 tunc

300 2805 398 2848 finis
417 2805 490 2847 ille
510 2804 557 2847 in
578 2804 727 2846 eadem
748 2803 929 2846 sessione
960 2803 1105 2844 nostra
1134 2801 1247 2844 inter
1268 2815 1338 2843 eos
1367 2800 1499 2843 levari
1529 2799 1660 2855 possit
1690 2799 1743 2842 de
1773 2799 1986 2855 premissis
2016 2802 2248 2844 secundum

298 2896 438 2952 legem
473 2898 516 2938 et
545 2894 896 2938 consuetudinem
927 2892 1176 2949 predictam.
1237 2890 1442 2933 Mittatur
1473 2890 1719 2946 justiciariis
1751 2890 1906 2933 nostris
1937 2891 2136 2946 predictis
2170 2891 2248 2935 hoc

299 2986 438 3030 breve.

358 3077 484 3120 Teste
514 3091 581 3119 me
613 3077 703 3132 ipso
734 3075 850 3131 apud
880 3074 1065 3117 BREooN
1097 3073 1259 3116 decimo
1289 3075 1408 3115 sexto
1439 3071 1508 3115 die
1539 3070 1799 3127 Septembris
1829 3086 1942 3115 anno
1971 3073 2095 3128 regni
2114 3073 2248 3116 nostri

300 3168 499 3213 vicesimo
519 3169 684 3224 quarto.
1962 3162 2188 3206 CARBERY.
