2912 4368
2212 740 2323 781 23:23

1299 942 1524 985 MDCHI.

428 1050 730 1094 OHARTER
791 1051 868 1093 OF
925 1050 1251 1102 ISABELLA,
1313 1049 1627 1093 OOUNTESS
1687 1051 1764 1093 OF
1824 1051 2242 1105 GLOUOESTER,
2298 1054 2370 1097 IN

576 1142 711 1184 ΗΕΒ
759 1141 923 1184 FREE
970 1140 1394 1192 WIDOWHOOD,
1433 1140 1764 1184 GRANTING
1803 1142 1938 1185 AND
1974 1142 2374 1187 CONFIRMING

574 1232 927 1275 NUMEROUS
968 1230 1359 1274 POSSESSIONS
1393 1230 1527 1273 AND
1572 1231 1949 1275 PRIVILEGES
1986 1233 2061 1275 ΤΟ
2096 1234 2372 1277 MARGAM

577 1323 804 1366 ABBEY.

1142 1397 1372 1453 [MARGAM
1406 1397 1662 1453 CHARTER]

1942 1472 1986 1515 C.
2023 1473 2318 1516 1216-1219.

434 1580 586 1623 CARTA
618 1579 839 1621 ISABELLE
872 1578 1107 1621 Conmrssn
1139 1593 1187 1620 m
1222 1594 1385 1621 LIBERA
1419 1594 1663 1622 vrnmrnn
1702 1594 1783 1622 ΒΕΑ
1817 1594 1873 1621 DE
1914 1594 2073 1621 TERRIS
2110 1595 2219 1625 QUAS
2251 1596 2378 1624 >roms

511 1685 646 1712 DEDlT
679 1684 799 1712 APUD
831 1670 1003 1712 Nox-mr
1037 1669 1303 1712 CASTELLUM
1338 1704 1345 1711 .
1379 1685 1432 1711 ET
1463 1685 1520 1711 DE
1554 1685 1795 1715 QUITAXCIA
1830 1685 2059 1713 FORINSECI
2097 1686 2298 1714 SERvion.

495 1762 641 1804 Sciant
683 1776 826 1803 omnes
863 1767 951 1802 tam
986 1765 1199 1815 presentes
1241 1776 1367 1816 quam
1409 1761 1545 1802 futuri
1586 1762 1698 1816 quod
1739 1776 1817 1817 ego
1861 1795 1868 1802 .
1906 1761 2127 1804 ISABELLA
2169 1764 2379 1805 comitissa

435 1852 744 1895 GLOCCESTRIE
769 1886 776 1893 .
801 1852 846 1893 in
867 1851 1000 1893 libera
1022 1852 1230 1893 viduitate
1251 1866 1344 1893 mea
1375 1852 1473 1893 dedi
1505 1862 1545 1894 et
1577 1852 1759 1894 concessi
1793 1888 1799 1895 .
1834 1858 1875 1895 et
1907 1853 1946 1895 h.
1971 1868 2012 1908 p.
2036 1868 2068 1895 c.
2093 1854 2337 1896 confirmavi
2370 1888 2378 1895 .

436 1947 488 1998 (ef
522 1949 648 1985 cetera
683 1947 799 1984 donec
836 1946 1015 1984 ceniarum·
1049 1945 1101 1982 ad
1133 1945 1289 1983 tendam
1323 1941 1439 1984 Novi
1483 1942 1699 1984 GasTi-:LLI
1741 1944 1805 1984 abi
1834 1947 1888 1984 ‘sie
1921 1946 2120 1989 habetur).
2184 1944 2241 1986 Et
2279 1946 2378 1987 dedi

434 2036 593 2077 eisdem
615 2034 832 2076 monachis
854 2033 1080 2088 quinquies
1102 2047 1174 2074 xx.
1199 2040 1240 2074 et
1263 2034 1408 2075 decem
1430 2040 1470 2075 et
1493 2038 1652 2088 septem
1673 2049 1789 2075 acras
1810 2035 1861 2075 de
1884 2034 2094 2076 dominico
2126 2050 2268 2077 mense
2291 2051 2381 2079 mee

432 2127 477 2168 in
499 2125 629 2168 Novo
662 2124 888 2166 Clas-TELLO
923 2158 929 2165 .
964 2127 1005 2166 et
1026 2124 1071 2165 in
1094 2125 1240 2165 eodem
1262 2124 1390 2165 feudo
1420 2123 1540 2166 Novl
1572 2124 1788 2166 CASTELLI
1818 2140 1979 2167 moram
2008 2126 2061 2167 ad
2092 2127 2382 2181 aquilonarem

432 2223 597 2273 partem
619 2216 776 2258 montis
799 2216 871 2270 qui
894 2215 1049 2256 dicitur
1071 2215 1487 2256 BmDEva-ECASTEL
1511 2249 1518 2256 .
1544 2224 1584 2257 et
1607 2217 1661 2257 ad
1692 2216 1940 2258 orientalem
1972 2223 2135 2271 partem
2158 2218 2350 2273 ejusdem
2373 2252 2379 2259 .

433 2315 474 2350 et
507 2316 664 2349 terram
701 2322 782 2361 que
819 2306 974 2347 dicitur
1010 2305 1267 2347 SEITELAND
1307 2340 1314 2347 .
1351 2312 1391 2347 et
1433 2314 1589 2348 terram
1631 2308 1681 2348 de
1724 2306 2011 2348 KETHERECH
2054 2323 2134 2363 que
2175 2308 2287 2363 jacet
2329 2310 2383 2351 ad

430 2399 657 2441 australem
680 2404 845 2453 partem
866 2397 932 2438 vie
955 2412 1110 2452 magne
1134 2403 1174 2437 et
1196 2398 1342 2438 tendet
1365 2412 1507 2439 versus
1529 2397 1806 2439 LACHELEST'
1832 2432 1838 2439 .
1864 2405 1904 2440 et
1936 2407 2091 2441 terram
2124 2415 2204 2455 que
2228 2401 2382 2444 dicitur

430 2490 730 2532 Ronsssmxn
754 2503 806 2530 ex
829 2488 962 2529 altera
984 2492 1103 2542 parte
1127 2487 1318 2542 ejusdem
1342 2502 1496 2543 magne
1519 2488 1584 2529 vie
1619 2522 1626 2529 .
1661 2488 1898 2530 Habendas
1920 2495 1961 2531 et
1990 2491 2196 2532 tenendas
2217 2491 2243 2532 l.
2277 2503 2316 2532 et
2340 2507 2377 2547 q.

441 2584 494 2633 (et
517 2580 676 2632 cem-a.)

489 2670 687 2711 Preterea
721 2669 820 2710 dedi
852 2668 1010 2710 eisdem
1041 2668 1257 2709 monachis
1279 2675 1319 2709 et
1343 2668 1587 2710 confirmavi
1609 2669 1653 2710 in
1675 2684 1825 2724 puram
1847 2678 1887 2711 et
1917 2678 2166 2724 perpetuam
2189 2672 2377 2714 elemosi-

432 2775 532 2802 nam
556 2795 563 2801 .
589 2764 629 2802 et
652 2760 820 2814 quitum
852 2759 1029 2800 clamavi
1061 2764 1101 2800 et
1132 2759 1273 2800 remisi
1303 2760 1617 2814 imperpetuum
1648 2763 1786 2802 totum
1808 2759 2062 2802 forinsecum
2085 2762 2306 2804 servicium
2328 2763 2379 2805 de

429 2851 686 2893 LANDGEWI
722 2884 728 2891 .
764 2850 876 2904 quod
907 2850 959 2890 ad
990 2864 1057 2890 me
1089 2849 1158 2891 vel
1199 2849 1372 2891 heredes
1406 2865 1518 2892 meos
1549 2852 1759 2906 pertinere
1791 2850 1949 2892 solebat
1981 2855 2121 2906 preter
2152 2853 2374 2895 dimidiam

429 2955 615 2983 marcam
636 2938 953 2995 solum[m]odo
976 2954 1103 2994 quam
1124 2940 1252 2981 michi
1274 2944 1315 2982 et
1336 2940 1562 2982 heredibus
1590 2942 1693 2983 meis
1723 2943 1945 2984 annuatim
1973 2944 2159 2985 reddunt
2180 2948 2269 2986 tam
2298 2961 2372 3001 pro

429 3032 572 3073 warda
594 3045 721 3085 quam
744 3044 818 3085 pro
841 3029 955 3071 omni
978 3030 1060 3071 alio
1083 3030 1254 3071 servicio
1277 3031 1327 3071 de
1350 3031 1497 3072 eodem
1520 3031 1647 3073 feudo
1669 3033 1723 3073 ad
1754 3047 1830 3074 nos
1857 3033 2097 3088 pertinente
2132 3067 2138 3074 .
2173 3033 2371 3077 Preterea

428 3124 478 3165 de
516 3121 711 3164 omnibus
747 3120 839 3162 aliis
873 3120 1125 3162 tenementis
1158 3135 1238 3175 que
1281 3121 1437 3175 prefati
1478 3122 1674 3163 monachi
1715 3126 1861 3165 tenent
1898 3156 1905 3164 .
1941 3128 2080 3165 totum
2113 3123 2371 3168 forinsecum

430 3214 651 3257 servicium
673 3212 786 3267 quod
804 3212 856 3253 ad
871 3214 1149 3253 antecessores
1169 3226 1283 3254 meas
1304 3213 1514 3267 pertinere
1530 3213 1689 3255 solebat
1708 3248 1715 3255 .
1735 3214 1801 3256 vel
1818 3215 1930 3269 quod
1951 3215 2005 3255 ad
2027 3229 2093 3257 me
2117 3215 2184 3257 vel
2198 3215 2372 3260 heredes

428 3319 543 3348 meos
573 3303 757 3359 pertinet
789 3302 875 3345 sive
911 3303 965 3344 sit
1001 3303 1223 3345 servicium
1263 3304 1411 3346 militis
1452 3304 1538 3347 sive
1577 3305 1788 3347 venatoris
1827 3305 1895 3347 vel
1935 3305 2109 3348 alterius
2148 3306 2371 3361 cujuslibet

431 3394 649 3438 servientis
687 3427 695 3435 .
739 3393 824 3436 sive
865 3393 993 3435 etiam
1029 3393 1251 3436 servicium
1292 3395 1468 3450 coquine
1511 3429 1518 3437 .
1562 3410 1635 3437 seu
1674 3396 1969 3450 quodcumque
2002 3395 2119 3438 aliud
2151 3397 2373 3441 servicium

425 3486 680 3528 forinsecum
714 3484 768 3525 ad
798 3497 875 3526 nos
905 3483 1122 3538 pertinens
1155 3518 1162 3525 .
1196 3488 1336 3527 totum
1367 3485 1475 3527 illud
1509 3486 1731 3528 servicium
1761 3486 1919 3528 eisdem
1949 3487 2166 3529 monachis
2196 3488 2294 3530 dedi
2325 3489 2371 3532 in
