2425 3423
1958 241 2068 284 2351

181 448 339 491 scilicet
360 462 435 504 pro
458 451 634 504 pastura
654 449 707 490 de
728 447 887 490 MELEs
911 480 920 489 .
943 461 1017 489 xx.
1041 447 1194 489 solidos
1218 481 1226 489 .
1249 450 1291 489 et
1312 462 1388 502 pro
1408 447 1542 503 pratis
1561 447 1608 490 in
1628 448 1805 490 marisco
1829 482 1838 490 .
1861 463 1894 491 J.
1918 463 2103 492 marcam
2126 483 2134 491 .

176 541 220 581 et
239 554 315 594 pro
337 554 446 580 novo
469 539 647 581 marisco
669 538 893 581 dimidiam
912 552 1098 580 marcam
1121 571 1129 580 .
1155 552 1230 593 pro
1252 538 1369 580 omni
1391 538 1564 581 servicio
1585 541 1629 581 et
1649 539 1825 581 seculari
1845 540 2075 582 exactione.

235 628 431 672 Concessi
469 630 599 672 etiam
640 629 798 672 eisdem
832 629 1050 671 monachis
1090 632 1132 671 et
1172 629 1419 672 confirmavi
1458 632 1616 672 terram
1658 631 1711 672 de
1753 629 1992 673 PULTIMOR
2032 646 2128 674 cum

176 720 373 764 omnibus
394 720 663 776 pertinentiis
684 721 770 762 suis
791 720 899 762 sicut
928 723 1041 761 carte
1072 720 1359 775 predictorum
1389 721 1522 776 patris
1551 720 1636 763 mei
1667 723 1709 763 et
1737 720 1922 764 fratrum
1941 736 2132 765 meorum

177 827 282 868 quas
313 812 414 854 inde
448 811 607 854 habent
643 813 855 854 testantur
892 844 900 852 .
937 811 1154 853 reddendo
1187 811 1316 853 michi
1347 811 1448 853 iude
1480 812 1704 855 annuatim
1734 816 1945 868 quantum
1973 813 2029 855 ad
2060 828 2129 856 me

184 903 371 959 pertinet
394 935 403 944 .
426 903 585 945 scilicet
607 935 617 946 .
638 917 710 944 XL.
733 903 928 945 denarios
947 903 1002 945 ad
1021 902 1179 944 festum
1200 902 1346 944 Sancti
1373 902 1631 945 MICHAELIS
1664 936 1673 945 .
1705 918 1781 959 pro
1803 903 1921 946 omni
1943 903 2134 947 servicio.

236 994 437 1036 Preterea
458 994 641 1037 concessi
661 994 838 1050 prefatis
858 994 1074 1037 monachis
1089 998 1131 1036 et
1151 993 1229 1035 hac
1250 996 1364 1036 carta
1380 994 1626 1036 confirmavi
1647 995 1761 1049 quod
1778 1009 1847 1036 eos
1863 1009 1950 1036 non
1969 993 2132 1037 vexabo

181 1086 249 1128 vel
269 1101 335 1127 res
354 1085 543 1141 ipsorum
565 1100 641 1140 pro
661 1085 875 1141 aliquibus
895 1084 1132 1127 redditibus
1152 1085 1257 1127 meis
1286 1100 1360 1140 pre
1390 1084 1590 1127 manibus
1621 1084 1674 1127 ab
1704 1084 1806 1140 ipsis
1836 1085 2092 1140 accipiendis
2124 1118 2132 1128 .

174 1179 405 1232 antequam
435 1178 581 1220 veniat
611 1178 819 1220 terminus
849 1177 894 1219 in
926 1176 1051 1218 cartis
1081 1190 1226 1218 eorum
1261 1176 1515 1218 constitutus
1547 1179 1590 1218 et
1623 1175 1869 1218 nominatus
1902 1209 1910 1217 .
1944 1179 1987 1217 et
2017 1176 2132 1231 quod

173 1267 338 1310 nullam
370 1267 622 1310 violenciam
654 1267 768 1310 infra
799 1267 1001 1323 grangias
1031 1281 1177 1309 eorum
1207 1267 1293 1308 sive
1323 1270 1443 1309 extra
1474 1267 1518 1309 in
1547 1266 1680 1322 pratis
1710 1271 1784 1308 aut
1815 1266 1954 1309 bladis
1976 1269 2051 1308 aut
2080 1266 2126 1309 in

175 1357 389 1413 aliquibus
412 1372 560 1401 eorum
580 1358 706 1400 rebus
727 1358 911 1400 inferam
933 1361 1009 1400 aut
1030 1357 1181 1399 inferri
1203 1358 1461 1413 permittam.

234 1447 429 1491 Goncessi
450 1449 579 1491 etiam
601 1452 644 1491 et
674 1449 920 1491 confirmavi
950 1450 1065 1504 quod
1096 1450 1286 1491 decetero
1318 1464 1404 1491 non
1435 1449 1598 1492 vexabo
1629 1464 1698 1491 000
1729 1464 1805 1492 nec
1825 1449 2057 1504 impediam
2079 1449 2132 1491 (10

174 1553 284 1594 aqua
305 1554 381 1581 sua
402 1540 453 1582 de
475 1539 643 1582 AUENE
668 1574 676 1582 .
701 1543 775 1581 aut
797 1540 960 1595 aliquid
981 1539 1080 1582 inde
1107 1544 1252 1581 contra
1282 1555 1350 1582 000
1380 1539 1535 1582 faciam
1567 1540 1633 1581 vel
1664 1539 1756 1581 fieri
1785 1539 2035 1595 permittam
2057 1573 2065 1582 .
2089 1542 2132 1581 et

173 1630 286 1686 quod
319 1644 416 1672 oves
452 1645 598 1672 eorum
634 1631 685 1672 de
722 1636 894 1685 pastura
930 1645 1005 1672 sua
1038 1645 1123 1672 non
1160 1630 1362 1673 amovebo
1396 1635 1470 1673 aut
1505 1631 1691 1674 amoveri
1724 1631 1971 1686 permittam
2007 1664 2014 1672 .
2054 1645 2129 1686 pro

178 1721 322 1776 aliqua
343 1736 469 1763 causa
490 1721 558 1763 vel
580 1721 644 1763 ira
665 1737 789 1777 quam
814 1736 916 1777 erga
937 1721 1149 1777 prefatam
1171 1722 1345 1763 domum
1366 1720 1569 1764 habuero,

233 1812 432 1854 Preterea
453 1812 673 1855 sciendum
694 1814 807 1867 quod
828 1828 896 1854 000
917 1827 1003 1853 non
1025 1812 1185 1854 vexabo
1216 1827 1293 1854 nec
1323 1812 1554 1867 impediam
1584 1813 1636 1854 de
1668 1813 1790 1854 terris
1821 1813 1909 1855 suis
1939 1812 2128 1855 colendis

175 1918 280 1959 quas
301 1903 460 1946 habent
481 1903 527 1945 in
549 1903 678 1946 feudo
700 1903 821 1946 Now
846 1903 1061 1945 CASTELLI
1084 1904 1291 1958 quamdiu
1320 1903 1461 1958 ipsum
1492 1902 1663 1946 NovuM
1695 1902 1968 1945 CAsTELLUM
2000 1903 2132 1946 fuerit

172 1996 292 2036 extra
314 2009 489 2037 manum
512 2009 649 2037 meam
672 2029 680 2036 .
705 1998 766 2036 set
789 1995 840 2036 -zle
863 2009 930 2036 me
952 1999 994 2036 et
1016 1995 1067 2036 de
1098 1994 1203 2036 meis
1233 1994 1400 2036 firmam
1431 2009 1576 2049 pacem
1606 1994 1828 2036 habebunt
1861 2028 1870 2037 .
1903 1994 2002 2037 licet
2032 2008 2129 2037 cum

180 2085 275 2127 aliis
294 2100 370 2141 pro
390 2085 580 2141 predicto
601 2085 733 2128 Novo
754 2085 980 2128 CASTELLO
1002 2100 1201 2141 guerram
1221 2085 1420 2127 habuero.

233 2175 418 2231 Insuper
446 2176 576 2218 etiam
606 2191 731 2231 super
761 2176 1000 2217 sanctuaria
1031 2175 1224 2231 ejusdem
1254 2176 1427 2218 ecclesia
1456 2176 1603 2232 juravi
1633 2177 1748 2231 quod
1780 2190 1858 2232 ego
1885 2181 1928 2218 et
1955 2176 2130 2218 heredes

177 2267 262 2309 mei
281 2267 358 2309 hec
379 2267 522 2309 omnia
541 2267 724 2309 fideliter
750 2270 793 2309 et
822 2266 980 2322 absque
1010 2267 1106 2309 dolo
1136 2266 1375 2309 tenebimus
1408 2301 1415 2309 .
1449 2274 1490 2309 et
1521 2267 1698 2322 prefatis
1728 2267 1950 2310 monachis
1981 2270 2127 2309 contra

179 2372 323 2400 omnes
343 2357 539 2400 homines
559 2373 636 2414 pro
659 2373 778 2413 posse
798 2361 942 2400 nostro
973 2357 1355 2400 warantizabimus.

233 2448 336 2491 Hiis
359 2483 366 2491 .
390 2448 568 2491 testibus
591 2482 599 2490 .
623 2448 796 2491 OwnlN'
819 2450 978 2491 decano
1001 2483 1008 2491 .
1034 2448 1269 2491 GREGORto
1292 2481 1300 2489 .
1325 2448 1554 2503 presbitero
1587 2449 1640 2490 (10
1669 2448 1837 2491 AUENE
1862 2482 1870 2490 .
1899 2447 2128 2491 WALTERo

180 2539 327 2582 clerico
361 2573 369 2581 .
404 2539 739 2582 KADWATHLAN
769 2541 857 2583 filio
888 2540 1108 2582 MORGANI
1142 2574 1149 2581 .
1183 2540 1430 2582 ALAITHUR
1460 2539 1548 2581 filio
1578 2538 1841 2582 YTHENARD
1872 2539 2132 2581 .MEURICH

177 2629 278 2672 VAP
301 2664 310 2672 .
335 2629 563 2673 GRIFFINO
584 2630 637 2673 ab
659 2630 946 2673 KANAITHUR
968 2664 976 2672 .
1001 2630 1136 2672 ENER
1157 2630 1289 2672 fratre
1310 2629 1404 2685 ejus
1426 2663 1433 2671 .
1458 2629 1683 2671 Pmmppo
1705 2634 1808 2671 tunc
1828 2629 2052 2685 suppriore
2076 2630 2129 2671 de

175 2719 379 2762 MARGAN
402 2753 412 2762 .
435 2719 693 2764 WILLELMO
714 2722 766 2763 de
787 2720 1124 2777 LICHESF[ELD]
1152 2754 1160 2762 .
1183 2720 1212 2762 J
1215 2734 1392 2762 ORDANO
1416 2721 1467 2762 de
1500 2719 1788 2762 HAVERFORD
1822 2752 1830 2762 .
1864 2717 2121 2764 WILLELMO

175 2810 228 2852 de
263 2810 465 2853 DmEmN
502 2844 510 2853 .
550 2811 772 2853 Pmmrro
808 2813 861 2854 de
897 2810 1171 2868 KENEF[EG]
1212 2844 1220 2852 .
1258 2810 1458 2853 RchRno
1500 2811 1553 2853 de
1594 2810 1781 2852 BELEBY
1816 2809 2033 2853 monachis
2072 2810 2125 2851 de

181 2899 384 2942 MARGAN
408 2935 416 2942 .
440 2904 482 2943 et
504 2901 653 2943 multis
677 2902 782 2943 aliis.

240 2982 374 3025 Small
393 2985 533 3026 round
556 2985 656 3036 scal,
679 2999 810 3040 green
831 2999 949 3027 wax:
980 3000 1004 3026 a
1025 2984 1290 3027 fleur-de-lis.

751 3070 761 3089 ‘
786 3073 828 3115 -Ι-
866 3081 1080 3109 SIGILLUM
1113 3101 1121 3109 .
1154 3082 1360 3109 MORGANI
1393 3101 1401 3109 .
1435 3081 1487 3109 CA
1523 3067 1548 3109 .'
