2425 3423
353 292 467 334 2312

1124 496 1369 539 MDXCII.

280 597 640 645 QUITOLAIM
681 596 768 639 BY
808 594 1026 638 MAYOO
1066 595 1353 648 VAGHAN,
1406 595 1488 638 ΟΒ
1539 595 1777 648 BOHAN,
1825 595 1900 638 To
1952 596 2229 640 MARGAM

421 679 637 723 ABBEY
678 679 757 722 OF
797 677 928 721 THE
969 677 1144 720 LAND
1187 678 1265 720 OF
1307 678 1589 721 PENNUD'
1627 677 1709 720 ΟΒ,
1750 678 2081 722 PENNUDH.

993 777 1226 834 [MARGAM
1258 777 1516 834 CHARTER.]

1594 852 1755 894 EARLY
1789 853 1907 894 13TH
1939 852 2171 896 CENTURY.

332 954 558 997 Universis
593 953 781 995 OHmsTI
822 951 1019 994 fidelibus
1058 966 1228 1007 presens
1268 952 1472 1007 scriptum
1512 952 1665 994 visuris
1705 952 1773 994 vel
1814 952 2026 995 audituris
2067 952 2228 995 MAYoc

276 1045 482 1089 VAGHAN
506 1079 514 1087 .
538 1044 731 1087 salutem.

331 1136 513 1179 Noverit
536 1135 789 1178 universitas
810 1142 948 1176 vestra
969 1149 1036 1176 me
1057 1148 1261 1176 consensu
1282 1137 1324 1176 et
1344 1134 1518 1176 consilio
1546 1135 1778 1176 amicorum
1810 1149 2001 1176 meorum
2025 1168 2032 1176 .
2057 1135 2225 1190 quitum

271 1229 472 1271 clamasse
493 1228 539 1269 in
559 1226 788 1269 elemosina
809 1228 851 1268 et
873 1225 1090 1281 abjurasse
1121 1224 1215 1266 Deo
1237 1228 1279 1266 et,
1300 1225 1470 1266 ecclesie
1491 1224 1613 1266 beate
1635 1225 1795 1266 MAmE
1825 1226 1878 1266 de
1912 1224 2116 1267 MARGAN
2146 1259 2154 1268 .
2185 1229 2229 1268 et

272 1335 328 1361 m.
351 1320 379 1361 i.
406 1319 458 1361 D.
484 1334 513 1361 s.
537 1322 677 1360 totum
699 1318 900 1359 clamium
920 1331 1064 1358 meum
1085 1320 1127 1357 et
1147 1319 1287 1358 totum
1306 1315 1377 1371 jus
1399 1316 1513 1371 quod
1535 1315 1665 1358 habui
1686 1316 1753 1357 vel
1781 1317 1929 1370 putavi
1950 1316 2104 1359 habere
2127 1350 2135 1358 .
2159 1316 2227 1358 vel

273 1411 466 1453 dicebam
500 1424 569 1451 me
603 1408 758 1451 habere
786 1409 831 1450 in
869 1411 982 1450 terra
1010 1408 1062 1449 de
1099 1405 1310 1448 PENNUD'
1343 1439 1350 1447 .
1386 1407 1453 1448 vel
1488 1406 1534 1448 in
1567 1406 1711 1462 aliqua
1747 1408 1831 1448 alia
1868 1414 1980 1449 terra
2016 1407 2226 1449 dictorum

271 1501 575 1544 monachorum
598 1533 606 1541 .
631 1499 745 1542 infra
766 1499 842 1541 has
862 1498 1020 1541 divisas
1054 1532 1061 1539 .
1090 1497 1247 1539 scilicet
1283 1498 1308 1539 a
1335 1512 1452 1539 sursa
1482 1498 1535 1539 de
1564 1497 1757 1539 FRUDUL
1786 1498 1831 1539 in
1857 1498 2066 1540 directum
2095 1513 2228 1554 usque

271 1592 626 1635 THORKEMEREU
663 1624 672 1633 .
706 1595 749 1633 et
780 1591 879 1632 inde
912 1590 957 1631 in
990 1594 1277 1631 transversum
1313 1604 1447 1644 usque
1475 1590 1529 1630 ad
1557 1589 1670 1630 viam
1699 1604 1780 1645 que
1809 1589 1925 1631 venit
1947 1590 1999 1631 de
2021 1590 2226 1645 superiori

269 1683 466 1725 PENNUD
497 1717 505 1725 .
543 1686 585 1725 et
620 1683 721 1724 inde
754 1697 828 1737 per
860 1682 1039 1723 eandem
1074 1680 1188 1721 viam
1223 1695 1357 1735 usque
1386 1681 1440 1721 ad
1462 1679 1923 1722 BLAINANTDISCULUA
1952 1714 1959 1722 .
1987 1684 2030 1722 et
2055 1681 2155 1723 inde
2182 1681 2228 1723 in

266 1778 556 1817 transversum
578 1774 757 1815 dirrecte
780 1787 911 1827 usque
935 1771 1233 1815 RIDEKEUEH’
1259 1804 1266 1812 .
1291 1772 1453 1812 etinde
1475 1785 1549 1826 per
1570 1785 1726 1825 aquam
1748 1771 1799 1811 de
1821 1772 1989 1812 AUENE
2023 1786 2156 1826 usque
2177 1771 2223 1813 in

266 1881 382 1908 mare
421 1900 428 1908 .
469 1875 516 1908 ut
549 1865 733 1907 habeant
776 1872 818 1906 et
858 1867 1034 1905 teneant
1074 1863 1177 1904 dicti
1217 1862 1413 1904 monaehi
1455 1876 1599 1904 omnes
1638 1865 1772 1903 terras
1808 1877 1903 1904 suas
1938 1862 2055 1904 infra
2090 1862 2225 1905 dictas

266 1959 424 2000 divisas
447 1992 454 1999 .
479 1958 507 1999 l.
531 1960 573 1999 et
595 1972 633 2012 q.
658 1963 700 1998 et
720 1971 763 2012 p.
787 1971 862 2011 pro
884 1970 951 1997 me
973 1960 1014 1996 et
1037 1954 1233 1996 omnibus
1254 1953 1480 1995 heredibus
1501 1953 1605 1994 meis
1625 1953 1671 1994 in
1692 1958 1948 2008 perpetuum
1972 1986 1979 1994 .
2007 1954 2115 1995 sicut
2137 1954 2225 1996 ulla

267 2049 496 2091 elemosina
527 2048 701 2089 liberius
732 2050 775 2089 et
806 2046 990 2102 quietius
1021 2045 1167 2087 haberi
1198 2049 1335 2100 potest
1366 2045 1432 2086 vel
1463 2044 1598 2086 teneri
1631 2078 1638 2085 .
1674 2043 1733 2086 Et
1765 2043 1987 2086 sciendum
2009 2045 2122 2099 quod
2143 2059 2222 2101 ego

268 2141 440 2182 affidavi
476 2173 484 2182 .
523 2144 565 2181 et
598 2154 723 2194 super
759 2142 1022 2180 sacrosancta
1058 2137 1227 2179 ecclesie
1263 2137 1315 2178 de
1353 2135 1500 2177 LAND’
1536 2169 1544 2177 .
1582 2135 1725 2190 juravi
1760 2135 1873 2190 quod
1902 2135 2028 2177 istam
2059 2136 2224 2191 quitam

270 2231 569 2274 clamationem
590 2230 772 2272 fideliter
792 2233 834 2271 et
856 2229 945 2270 sine
967 2229 1063 2270 dolo
1093 2227 1244 2270 tenebo
1275 2261 1282 2268 .
1307 2233 1347 2269 et
1379 2241 1458 2282 ego
1487 2229 1528 2268 et
1560 2226 1733 2268 heredes
1756 2226 1837 2268 mei
1862 2260 1869 2267 .
1896 2227 2075 2268 eandem
2100 2227 2224 2268 dictis

271 2322 488 2364 monachis
509 2320 879 2363 warantizabimus
899 2324 1046 2362 contra
1067 2334 1211 2361 omnes
1232 2318 1424 2360 homines
1444 2318 1488 2359 in
1511 2321 1778 2372 perpetuum.

328 2413 430 2455 Hiis
460 2412 669 2454 testibus.
695 2411 928 2452 MAURICIO
959 2410 1259 2452 LANDAVENSI
1290 2409 1583 2450 archidiacono
1614 2441 1622 2449 .
1654 2407 1887 2449 MAomcm
1916 2408 2178 2450 thesaurario
2211 2441 2220 2449 .

265 2504 486 2547 JoHANNE
520 2503 671 2546 szm
711 2536 718 2544 .
755 2501 1022 2544 KENEWREC
1052 2501 1105 2543 ab
1140 2500 1352 2543 ιῘοῑωΑκῐ)
1387 2532 1396 2542 .
1428 2499 1639 2540 IDENARD
1675 2498 1813 2541 VAGH
1864 2532 1872 2540 .
1923 2499 2136 2541 JORUARD
2169 2499 2223 2540 ab

271 2596 412 2638 Rnun
437 2628 445 2636 .
468 2594 633 2636 LEUKY
669 2628 676 2636 .
710 2598 847 2635 matre
873 2607 967 2635 mea
1005 2626 1013 2634 .
1051 2592 1254 2634 CRADoco
1289 2605 1485 2633 converso
1521 2591 1573 2631 de
1608 2589 1882 2646 KARL[EON]
1926 2624 1933 2632 .
1977 2590 2186 2632 OSBERNO
2208 2623 2217 2632 .

264 2686 430 2729 Timum
455 2687 506 2728 de
529 2685 739 2727 CANTELO
762 2685 977 2727 monachis
1000 2717 1009 2726 .
1034 2683 1178 2725 Espus
1201 2697 1397 2724 converso
1420 2683 1470 2723 de
1495 2680 1693 2722 MARGAN
1719 2715 1726 2722 .
1751 2690 1792 2722 et
1815 2682 1963 2723 multis
1985 2681 2092 2723 aliis.

325 2778 487 2820 Round
509 2778 608 2828 scal,
632 2791 763 2832 green
784 2791 892 2828 wax,
918 2776 971 2829 1}
992 2775 1050 2816 in.
1074 2775 1201 2816 diam.
1265 2775 1337 2816 An
1359 2772 1625 2815 ornamental
1647 2776 1734 2813 star
1755 2772 1839 2813 and
1866 2772 2133 2814 fleur-de-lis.

889 2872 898 2888 ‘
921 2872 963 2914 ÷
994 2867 1152 2907 SIGILL'
1179 2900 1186 2907 .
1211 2879 1357 2906 MAYoc
1380 2897 1388 2904 .
1414 2862 1596 2905 BOHAN)

323 2958 620 3001 Endorsed—·‘
639 2957 874 3012 Abjuracio
899 2956 1055 3011 Mayoc
1076 2956 1254 2999 Vachan
1277 2958 1328 2997 de
1349 2960 1461 2997 terra
1482 2956 1534 2996 de
1560 2953 1803 2996 Pennudh.'

889 3056 947 3084 see
969 3055 1048 3084 Nos.
1071 3054 1344 3091 MDLXXV111.‚
1367 3053 1592 3082 MDLXXXI.
