2425 3423
386 275 497 316 2302

1132 481 1453 525 MDLXXXI.

311 595 670 643 QUITGLAIM
738 595 825 639 BY
904 595 1211 649 MAURIOE,
1278 597 1394 640 SON
1465 597 1543 640 OF
1613 597 1871 651 LEULIN,
1944 597 2078 642 AND
2153 598 2262 642 HIS

459 686 811 730 BRETHREN
862 685 938 729 TO
990 686 1268 730 MARGAM
1319 688 1549 739 ABBEY‚
1612 689 1690 731 OF
1748 689 1924 733 LAND
1986 689 2058 733 IN
2119 689 2264 734 PEN—

456 777 656 829 NUTH,
708 777 960 822 WITHIN
1010 778 1339 821 SPEOIFIED
1394 778 1815 822 BOUNDARIES.

1029 903 1258 960 [MARGAM
1302 904 1558 962 CHARTER]

1830 997 1945 1038 13111
1978 995 2207 1039 CENTURY.

374 1109 584 1153 Omnibus
616 1109 804 1153 CHmsTl
838 1110 1037 1153 fidelibus
1067 1125 1238 1166 presens
1270 1111 1473 1167 scriptum
1501 1111 1652 1154 visuris
1681 1112 1747 1153 vel
1773 1111 1983 1154 audituris
2008 1112 2268 1156 MAURICIUS

314 1202 427 1244 filius
448 1201 650 1244 LEUmNI
675 1236 683 1244 .
709 1201 964 1245 GRIFFINUS
988 1235 996 1244 .
1020 1201 1252 1244 Howmns
1275 1236 1283 1244 .
1308 1203 1384 1244 filii
1405 1202 1607 1245 LEULINI
1629 1203 1782 1246 fratres
1803 1203 1896 1259 ejus
1918 1203 2110 1246 salutem.

371 1292 552 1336 Noverit
602 1292 856 1335 universitas
905 1297 1045 1335 vestra
1094 1308 1171 1335 nos
1211 1308 1416 1336 consensu
1457 1298 1499 1336 et
1539 1294 1712 1336 consilio
1752 1294 1984 1337 amicorum
2025 1297 2267 1338 nostrorum

314 1383 484 1439 quitum
520 1383 720 1425 clamasse
746 1383 791 1424 in
823 1383 1096 1425 elemosinam
1126 1387 1167 1426 et
1200 1383 1417 1439 abjurasse
1450 1385 1544 1427 Deo
1584 1389 1625 1427 et
1658 1385 1828 1427 ecclesie
1862 1384 1984 1427 beate
2019 1384 2180 1427 MAmE
2216 1387 2268 1428 de

315 1475 520 1517 MARGAN
562 1477 604 1516 et
644 1474 861 1517 monachis
900 1474 1060 1517 ibidem
1100 1475 1194 1517 Deo
1230 1475 1511 1518 servientibus
1546 1480 1685 1518 totum
1721 1476 1921 1518 clamium
1953 1479 2146 1519 nostrum
2183 1510 2192 1519 .
2225 1482 2268 1520 et

311 1569 451 1608 totum
471 1565 543 1622 jus
564 1567 678 1621 quod
698 1564 960 1608 habebamus
982 1566 1048 1608 vel
1070 1565 1326 1621 putabamus
1347 1565 1502 1608 habere
1525 1600 1533 1608 .
1557 1567 1623 1608 vel
1656 1565 1899 1609 dicebamus
1931 1582 2007 1609 nos
2035 1566 2188 1610 habere
2220 1568 2267 1610 in

313 1662 426 1700 terra
456 1658 508 1700 de
544 1656 774 1699 PENNUTH
805 1690 813 1699 .
849 1657 916 1699 vel
950 1657 995 1699 in
1033 1657 1177 1712 aliqua
1211 1658 1296 1699 alia
1331 1662 1444 1700 terra
1472 1658 1679 1699 dictorum
1709 1657 2013 1700 monachorum
2048 1659 2164 1701 infra
2192 1659 2270 1702 has

315 1748 471 1790 divisas
495 1781 503 1790 .
528 1748 696 1791 Scilicet
717 1764 742 1790 a
763 1763 881 1791 sursa
902 1749 954 1791 de
975 1748 1168 1791 FRUDUL
1190 1750 1234 1791 in
1262 1750 1470 1791 directum
1491 1764 1624 1804 usque
1646 1748 1972 1792 THORKEMERU
1996 1783 2005 1791 .
2028 1752 2070 1792 et
2094 1750 2195 1792 inde
2221 1751 2268 1793 in
2284 1769 2305 1780 «-

300 1843 590 1882 transversum
611 1855 743 1895 usque
766 1841 820 1882 ad
842 1840 955 1882 viam
977 1856 1058 1896 que
1080 1842 1197 1882 venit
1218 1842 1270 1882 de
1292 1841 1497 1896 superiori
1523 1840 1746 1882 PENNUTH
1771 1875 1779 1882 .
1804 1844 1845 1882 et
1867 1841 1967 1883 inde
1991 1856 2067 1896 per
2087 1842 2267 1884 eandem

310 1932 424 1973 viam
455 1946 588 1986 usque
624 1932 679 1973 ad
716 1931 973 1973 BLAYNAND
1015 1946 1231 1974 msanUA
1266 1966 1274 1974 .
1310 1937 1350 1974 et
1387 1933 1486 1974 inde
1516 1932 1561 1974 in
1597 1936 1884 1974 transversum
1912 1931 2069 1974 directe
2099 1966 2108 1974 .
2134 1948 2268 1989 usque

312 2021 751 2064 RmEKEUELLEHHY
775 2056 783 2063 .
809 2025 851 2064 et
870 2023 970 2065 inde
992 2038 1066 2078 per
1087 2038 1242 2079 aquam
1263 2025 1315 2065 de
1346 2024 1513 2065 AUENE
1545 2037 1677 2077 usque
1707 2022 1752 2064 in
1777 2037 1892 2064 mare
1916 2055 1924 2064 .
1949 2026 1998 2064 ut
2019 2022 2205 2066 habeant
2225 2027 2267 2066 et

312 2117 487 2157 teneant
509 2113 612 2156 dicti
634 2114 832 2156 monachi
854 2129 999 2157 omnes
1030 2118 1162 2157 terras
1194 2130 1288 2157 suas
1321 2115 1435 2157 infra
1464 2115 1598 2157 dictas
1629 2114 1788 2156 divisas
1824 2147 1832 2155 .
1870 2113 2001 2156 libere
2036 2148 2044 2155 .
2079 2115 2221 2170 quiete
2256 2148 2265 2157 .

311 2208 355 2246 et
387 2204 558 2259 pacifice
593 2238 601 2246 .
637 2219 713 2260 pro
751 2204 872 2247 nobis
900 2208 942 2248 et
974 2205 1170 2247 omnibus
1206 2206 1431 2247 heredibus
1462 2205 1616 2247 nostris
1644 2205 1689 2246 in
1718 2208 1973 2259 perpetuum
2005 2239 2012 2246 .
2047 2206 2156 2249 sicut
2180 2206 2269 2248 ulla

312 2294 543 2337 elemosina
563 2294 736 2337 liberius
758 2299 800 2337 et
822 2296 1008 2351 quietius
1038 2296 1184 2338 haberi
1218 2301 1355 2352 potest
1391 2297 1456 2338 vel
1484 2296 1619 2338 teneri
1656 2329 1664 2338 .
1700 2295 1761 2337 Et
1794 2295 2012 2338 sciendum
2048 2297 2162 2351 quod
2191 2311 2269 2339 nos

311 2386 577 2428 affldavimus
617 2390 659 2428 et
701 2402 825 2442 super
858 2391 1120 2430 sacrosancta
1155 2388 1324 2430 ecclesie
1363 2389 1414 2430 (le
1449 2387 1641 2429 LANDAF
1682 2386 1920 2442 juravimus
1954 2420 1962 2428 .
1998 2387 2110 2441 quod
2142 2386 2268 2429 istam

312 2477 500 2532 quietam
523 2477 819 2519 clamationem
842 2478 1025 2520 fideliter
1045 2482 1087 2520 et
1108 2478 1198 2520 sine
1219 2479 1315 2520 dolo
1347 2478 1583 2520 tenebimus
1618 2511 1626 2519 .
1661 2477 1722 2519 Et
1757 2492 1833 2519 nos
1860 2482 1902 2520 et
1929 2477 2104 2520 heredes
2133 2478 2268 2520 nostri

308 2569 488 2610 eandem
509 2568 633 2610 dictis
656 2568 872 2610 monachis
895 2569 1263 2612 warantizabimus
1286 2574 1430 2612 contra
1452 2584 1596 2611 omnes
1617 2568 1810 2611 homines
1829 2569 1875 2610 in
1897 2572 2162 2624 perpetuum.

368 2658 471 2701 Hiis
511 2658 689 2701 testibus
725 2694 732 2701 .
773 2659 1006 2702 MAURICIO
1040 2661 1335 2702 archidiacono
1372 2662 1423 2702 de
1448 2660 1641 2702 LANDAF
1681 2692 1689 2701 .
1726 2659 1846 2701 REso
1876 2659 2009 2701 fratre
2038 2659 2231 2715 ejusdem
2254 2693 2263 2701 .

312 2749 546 2791 MAURICIO
578 2749 840 2792 thesaurario
871 2748 1171 2793 LANn‘Ax-ENffl
1207 2786 1213 2793 .
1250 2752 1469 2794 RADULFO
1505 2750 1673 2792 officiali
1705 2750 1868 2792 domini
1900 2749 2224 2792 LANDAVENffls
2256 2784 2264 2792 .

310 2839 523 2882 HENRICO
545 2840 762 2895 capellano
786 2875 793 2883 .
819 2842 1024 2897 magistro
1046 2842 1074 2884 J
1077 2857 1266 2884 OHANNE
1290 2841 1453 2884 GURDA
1477 2874 1485 2882 .
1510 2840 1630 2883 Rnso
1645 2840 1698 2883 ab
1714 2839 1988 2882 KENEWREG
2008 2874 2016 2882 .
2037 2841 2265 2883 GRIFFINO

311 2931 363 2973 ab
399 2930 670 2972 KENEWREG
708 2965 715 2973 .
751 2931 937 2974 MEURm
973 2932 1025 2975 ab
1069 2933 1229 2976 GRONU
1273 2968 1281 2976 .
1327 2933 1506 2975 RIREDo
1548 2932 1680 2973 fratre
1721 2931 1815 2987 ejus
1858 2965 1865 2973 .
1905 2931 2178 2974 KENEWREG
2212 2932 2265 2974 ab

311 3020 553 3064 YORUARD’
579 3055 585 3063 .
611 3021 854 3065 YORUARD'
877 3023 985 3067 Vffl
1009 3058 1017 3066 .
1043 3028 1084 3066 et
1105 3025 1253 3066 multis
1275 3025 1381 3066 aliis.
