2425 3423
354 270 468 311 2376

291 494 574 536 remanebunt
594 493 779 536 SIBILLE
801 495 854 536 de
874 493 1058 536 PENRES
1078 495 1210 536 sorori
1229 510 1323 537 mee
1343 499 1386 537 et
1415 495 1641 537 heredibus
1667 494 1865 537 masculis
1891 495 1944 536 de
1969 508 2139 549 corpore
2169 507 2244 535 suo

290 585 520 640 procreatis
561 620 570 628 .
614 585 868 628 Tenendum
913 585 966 626 de
1005 585 1177 640 capitali
1217 587 1388 628 domino
1428 586 1543 629 feodi
1581 586 1698 628 illius
1736 589 1864 641 prout
1902 584 2142 640 predictum
2181 587 2246 626 est

290 676 607 732 imperpetuum
630 710 638 718 .
664 676 901 718 Reddendo
930 675 1031 717 inde
1052 676 1276 718 annuatim
1303 677 1434 719 michi
1460 692 1536 733 pro
1566 677 1749 720 termino
1776 676 1863 718 vite
1895 675 2031 733 [mee]
2063 676 2244 731 quadra-

291 767 415 823 ginta
434 767 564 809 libras
585 767 890 823 sterlingorum
911 768 966 809 ad
987 766 1097 809 festa
1117 767 1308 822 predicta
1328 783 1403 823 per
1423 769 1594 823 equales
1613 767 1832 823 porciones
1852 766 2115 809 dividendas.

350 866 412 908 Et
432 867 467 908 si
488 867 712 922 contingat
727 866 962 922 predictam
978 865 1201 908 SIBILLAM
1216 867 1262 908 in
1279 867 1491 909 solucione
1507 867 1610 909 dicti
1631 866 1829 908 annualis
1844 866 2037 908 redditus
2050 865 2245 907 terminis

289 956 516 1013 p[redictis
537 956 750 1013 deficere‚]
775 962 878 999 tunc
898 956 1007 1000 bene
1036 957 1161 999 liceat
1190 957 1320 1000 michi
1350 958 1589 1013 predictum
1619 958 1859 1000 manerium
1887 957 2057 1013 ingredi
2087 955 2245 1011 absque

289 1048 595 1104 impedimento
617 1049 728 1090 dicte
749 1047 931 1090 Smum
953 1063 1028 1104 pro
1049 1048 1232 1091 termino
1253 1049 1340 1090 vite
1361 1063 1452 1090 mee
1485 1082 1493 1090 .
1526 1048 1587 1090 Et
1607 1049 1642 1091 si
1672 1049 1862 1104 predicta
1887 1047 2073 1090 SIBILLA
2093 1046 2246 1089 obierit

290 1140 380 1182 sine
401 1140 555 1182 herede
577 1141 763 1182 masculo
784 1141 837 1182 de
859 1154 1030 1195 corpore
1051 1154 1126 1182 suo
1152 1138 1404 1196 [procreato‚
1421 1141 1541 1194 tunc]
1560 1145 1656 1196 post
1675 1141 1890 1182 decessum
1911 1139 2044 1195 ipsius
2059 1139 2244 1181 Summa

285 1232 525 1287 predictum
561 1232 799 1274 manerium
833 1236 874 1273 et
908 1231 1130 1273 advocacie
1166 1231 1355 1286 predicta
1395 1246 1492 1273 eum
1533 1235 1618 1273 suis
1652 1231 1929 1287 pertinencijs
1960 1230 2243 1273 remanebunt

283 1323 408 1364 rectis
428 1322 654 1365 heredibus
675 1323 793 1365 meis.
857 1322 1123 1365 Habendum
1155 1326 1196 1364 et
1228 1324 1461 1364 tenendum
1491 1324 1544 1365 de
1575 1322 1747 1378 capitali
1777 1322 1950 1365 domino
1980 1322 2097 1364 feodi
2124 1322 2241 1364 illius

288 1412 384 1469 [per
413 1413 627 1470 redditus]
663 1419 704 1455 et
736 1414 911 1456 servicia
941 1414 1042 1455 inde
1073 1413 1216 1455 debita
1246 1418 1288 1455 et
1319 1414 1370 1455 (19
1401 1413 1496 1469 jure
1527 1417 1725 1456 consueta
1755 1419 1881 1468 prout
1911 1414 2148 1469 predictum
2177 1417 2241 1456 est

283 1505 598 1560 imperpetuum
646 1539 654 1546 .
704 1504 764 1546 Et
804 1519 884 1560 ego
925 1520 1023 1546 vero
1064 1505 1278 1560 predictus
1320 1504 1560 1547 ROBERTUS
1601 1509 1643 1547 et
1675 1505 1848 1547 heredes
1883 1504 1967 1546 mei
1998 1504 2237 1560 predictum

281 1596 521 1637 manerium
542 1600 584 1637 et
606 1597 926 1638 advocacionem
951 1596 1187 1652 predictam
1207 1600 1333 1651 prout
1353 1596 1581 1638 MATILms
1602 1600 1738 1638 mater
1751 1610 1845 1638 mea
1864 1596 1979 1637 idem
1998 1595 2238 1637 manerium

282 1686 451 1742 plenius
487 1692 529 1728 et
564 1687 739 1729 liberius
771 1687 912 1729 tenuit
947 1687 993 1728 in
1035 1688 1178 1729 dotem
1219 1702 1339 1729 suam
1374 1721 1383 1730 .
1428 1688 1615 1742 predicto
1652 1688 1860 1728 JOHANNI
1899 1686 2007 1743 [filio
2040 1685 2156 1742 meo]
2196 1689 2239 1728 et

283 1777 510 1819 heredibus
541 1779 594 1819 de
615 1793 785 1833 corpore
807 1793 880 1820 suo
902 1778 1130 1833 procreatis
1163 1811 1171 1819 .
1206 1779 1265 1820 Et
1286 1779 1320 1820 si
1342 1779 1529 1820 discedat
1550 1779 1639 1820 sine
1660 1778 1813 1820 herede
1834 1779 2027 1834 legitimo
2048 1778 2236 1833 predicto

285 1869 490 1911 RICARDO
532 1876 572 1911 et
614 1869 841 1912 heredibus
877 1870 963 1911 suis
1003 1870 1200 1911 masculis
1237 1871 1289 1910 de
1319 1884 1489 1924 corpore
1530 1884 1604 1911 suo
1636 1870 1864 1925 procreatis
1901 1903 1908 1911 .
1953 1869 2013 1911 Et
2053 1869 2088 1911 si
2118 1869 2232 1911 idem

286 1960 517 2002 RmAmms
548 1961 700 2003 obierit
724 1961 813 2003 sine
837 1960 991 2003 herede
1013 1962 1198 2003 masculo
1227 1962 1338 2002 dicto
1360 1960 1389 2002 J
1391 1975 1568 2002 OHANNI
1589 1961 1711 2002 fratri
1730 1975 1824 2002 meo
1845 1964 1887 2002 et
1907 1960 2132 2003 heredibus
2153 1961 2238 2003 suis

282 2052 480 2093 masculis
513 2052 565 2093 de
600 2067 642 2093 se
678 2052 906 2106 procreatis
942 2062 984 2093 et
1018 2052 1052 2093 si
1089 2053 1202 2094 idem
1235 2051 1477 2094 JOHANNES
1509 2051 1661 2094 obierit
1691 2052 1780 2093 sine
1802 2051 1956 2093 herede
1976 2052 2161 2094 masculo
2183 2052 2235 2094 de

285 2158 454 2198 corpore
476 2158 551 2185 suo
572 2148 787 2199 procreato
808 2144 995 2198 predicte
1016 2144 1181 2186 Auem
1202 2148 1244 2185 et
1264 2143 1490 2186 heredibus
1511 2144 1596 2185 suis
1623 2143 1821 2184 masculis
1851 2145 1903 2185 de
1938 2143 2130 2199 [corpore
2160 2158 2236 2186 suo

282 2233 563 2290 exeunti]bus
595 2269 603 2276 .
638 2234 698 2276 Et
739 2235 773 2276 si
814 2236 963 2276 eadem
989 2235 1155 2277 Amen
1177 2234 1329 2277 obierit
1358 2235 1447 2276 sine
1478 2235 1629 2276 herede
1664 2235 1850 2276 masculo
1883 2236 1935 2276 de
1963 2249 2132 2290 corpore
2159 2250 2235 2277 suo

286 2330 503 2380 procreato
524 2326 711 2380 predicte
733 2325 917 2367 SIBILLE
940 2329 980 2367 et
1006 2325 1231 2368 heredibus
1253 2326 1338 2368 suis
1369 2325 1565 2367 masculis
1595 2326 1647 2367 de
1678 2340 1848 2381 corpore
1878 2340 1952 2367 suo
1983 2326 2237 2368 exeuntibus

284 2422 430 2457 contra
444 2431 590 2458 omnes
606 2416 816 2470 [homines
836 2417 1230 2473 warantizabimus]
1255 2417 1581 2472 imperpetuum.
1645 2416 1698 2458 In
1722 2416 1844 2472 cujus
1862 2417 1923 2458 rei
1943 2417 2235 2459 testimonium

287 2506 396 2548 hanc
415 2510 655 2562 presentem
676 2511 835 2548 cartam
856 2522 995 2548 meam
1015 2507 1288 2562 impressione
1310 2507 1442 2562 sigilli
1462 2506 1546 2548 mei
1566 2506 1829 2548 corroboravi
1855 2522 1943 2548 una
1967 2522 2063 2549 cum
2085 2507 2237 2564 sigillis

284 2597 458 2639 testium
472 2597 802 2652 subscriptorum
818 2597 1015 2639 videlicet
1031 2598 1193 2640 domini
1209 2597 1238 2640 J
1241 2611 1441 2639 OHANNJs
1462 2598 1514 2638 de
1534 2596 1784 2638 LANGETON
1802 2597 1952 2639 militis
1975 2631 1982 2639 .
2005 2598 2034 2640 J
2037 2611 2236 2640 OHANNIS

286 2689 338 2729 (19
358 2688 400 2729 la
422 2688 581 2730 BEERE
610 2722 619 2730 .
651 2688 847 2730 RmARm
869 2687 1073 2731 SCURLAG
1109 2723 1117 2731 .
1152 2688 1348 2730 RICARDI
1370 2689 1422 2730 de
1442 2688 1485 2729 la
1505 2687 1665 2729 BEERE
1699 2722 1705 2729 .
1741 2688 1935 2730 RICARDI
1968 2688 2193 2731 MAUNSEL
2227 2722 2234 2730 .

286 2794 368 2834 que
390 2779 546 2835 apponi
567 2779 803 2834 procuravi.

341 2886 506 2928 Datum
537 2887 651 2942 apud
688 2886 934 2929 OxmwicH
968 2887 1147 2942 septimo
1174 2887 1244 2929 die
1274 2886 1303 2929 J
1306 2887 1472 2943 anuarij
1503 2921 1511 2929 .
1548 2902 1659 2929 anno
1690 2887 1813 2943 regni
1844 2887 1978 2944 Regis
2009 2888 2235 2932 EDWARDI

283 2977 402 3033 tercij
426 2982 521 3032 post
542 2982 818 3032 conquestum
839 2982 989 3032 quarto
1011 2977 1187 3019 decimo.
