2425 3423
336 194 451 236 2116

335 399 446 442 Cum
466 399 663 442 Dilectus
692 401 835 442 noster
859 398 1064 455 magister
1084 399 1368 443 WlLLELMUs
1392 399 1600 444 AWBREY
1620 401 1768 457 legum
1795 401 1940 444 doctor
1960 400 2074 444 curie
2095 403 2241 445 nostre

277 491 495 535 audientia
527 489 796 533 CANTUARIE
832 504 1055 533 causarum
1089 493 1132 532 et
1166 491 1438 546 negotiorum
1474 492 1644 535 auditor
1677 491 1890 548 legittime
1925 492 2156 547 deputatus
2188 492 2236 536 in

276 584 464 639 quadam
500 596 625 625 causa
661 581 965 637 appellacionis
999 584 1042 624 et
1074 581 1258 636 querelae
1293 596 1389 637 quae
1424 596 1565 626 coram
1600 597 1650 625 eo
1679 582 1907 638 injudicio
1927 582 2040 626 inter
2070 582 2232 626 EmzA-

279 688 469 716 BETHAM
494 672 659 716 Knms
689 671 1009 716 LANnAvENsrs
1039 672 1214 715 diocesis
1242 675 1483 729 nostraeque
1514 672 1795 716 CANTUARIAE
1825 673 2040 729 provincie
2068 677 2234 730 partem

279 764 570 821 appellantem
597 767 641 806 et
668 763 961 819 querelantem
988 778 1042 805 ex
1069 778 1156 805 una
1176 766 1219 805 et
1246 763 1522 806 ELLINOREM
1543 763 1783 807 SAUNDERS
1818 764 1923 807 alias
1949 764 2241 809 Amxmmm

278 859 323 898 et
349 854 680 897 MARGARETAM
713 853 954 896 SAUNDERS
982 852 1088 896 alias
1117 852 1405 896 ALEXANDER
1425 857 1591 910 partem
1621 855 1881 911 appellatam
1902 858 1945 898 et
1975 856 2237 911 querelatam

278 949 400 1002 parte
432 961 486 988 ex
521 946 657 988 altera
688 944 871 988 vertitur
905 946 949 987 et
980 945 1140 1000 pendet
1170 944 1357 988 indecisa
1389 945 1470 988 rite
1502 949 1546 988 et
1579 945 1772 1002 legitime
1804 947 2034 1001 procedens
2068 948 2237 990 easdem

278 1036 556 1079 ELLINORAM
578 1035 820 1078 SAUNDERS
840 1035 947 1078 alias
966 1035 1256 1078 ALEXANDER
1277 1040 1320 1078 et
1351 1035 1679 1079 MARGARETAM
1701 1035 1940 1080 SAUNDERS
1960 1037 2067 1080 alias
2085 1038 2240 1081 ALEX-

277 1141 434 1170 ANDER
447 1142 473 1170 a
486 1126 713 1170 sentenciis
727 1126 1180 1169 excommunicacionis
1201 1127 1306 1169 alias
1325 1131 1471 1170 contra
1490 1127 1587 1170 illas
1605 1128 1652 1170 in
1669 1127 1918 1184 hujusmodi
1938 1143 2064 1171 causa
2083 1129 2183 1172 latis
2197 1132 2240 1172 et

275 1219 450 1262 inflictis
470 1219 526 1261 ad
546 1218 802 1274 peticionem
829 1217 962 1273 partis
983 1217 1194 1260 dictarum
1222 1218 1524 1261 MARGARETAE
1545 1222 1588 1262 et
1608 1219 1860 1262 ELLINORAE
1884 1219 2066 1276 [faciens
2085 1219 2236 1278 fidem]

276 1310 404 1367 juxta
424 1310 534 1366 juris
555 1309 819 1366 exigentiam
839 1309 885 1351 in
917 1309 995 1351 hac
1015 1312 1136 1365 parte
1157 1309 1235 1352 sub
1255 1310 1382 1352 modo
1403 1313 1446 1352 et
1475 1311 1615 1353 forma
1643 1311 1916 1367 infrascripta
1937 1311 2165 1355 absolverit
2195 1315 2239 1356 et

280 1401 571 1444 communioni
605 1400 799 1443 fidelium
831 1400 1065 1443 restituerit
1099 1400 1272 1457 justicia
1303 1401 1520 1444 mediante
1552 1435 1561 1444 .
1594 1401 1729 1446 Vobis
1758 1402 1894 1458 igitur
1913 1402 2178 1459 conjunctim
2197 1406 2242 1447 et

278 1492 451 1536 divisim
501 1492 808 1535 committimus
858 1495 901 1534 et
941 1492 1119 1535 firmiter
1159 1492 1431 1549 injungendo
1471 1495 1726 1536 mandamus
1775 1494 1978 1549 quatinus
2027 1495 2238 1551 prefatam

276 1583 608 1626 MARGARETAM
638 1583 880 1626 SAUNDERS
908 1583 1014 1626 alias
1033 1583 1324 1625 ALEXANDER
1349 1584 1407 1626 sic
1435 1587 1485 1626 ut
1505 1584 1769 1640 premittitur
1796 1585 2078 1628 aucthoritate
2097 1588 2245 1629 nostra

279 1675 506 1718 sentenciis
555 1674 1010 1718 excommunicacionis
1060 1675 1262 1730 predictae
1303 1674 1551 1731 simpliciter
1591 1675 1830 1719 absolutam
1869 1681 1912 1719 et
1953 1678 2242 1721 communioni

278 1766 474 1809 fidelium
505 1766 750 1809 restitutam
782 1769 1147 1822 memoratamque
1179 1765 1454 1808 ELLINORAM
1486 1765 1725 1810 SAUNDERS
1759 1768 1864 1810 alias
1893 1768 2184 1811 ALEXANDER
2217 1784 2245 1812 a

278 1858 459 1915 prefatis
487 1857 714 1900 sentenciis
741 1856 1195 1900 excommunicacionis
1223 1872 1357 1913 usque
1387 1858 1441 1899 ad
1469 1861 1513 1900 et
1542 1858 1588 1900 in
1618 1860 1847 1901 secundam
1878 1860 1992 1902 diem
2011 1860 2242 1916 juridicam

277 1952 374 2006 post
408 1949 568 1992 festum
596 1949 684 1990 sive
715 1948 831 1991 diem
863 1948 1149 1991 convertionis
1179 1948 1268 1991 divi
1289 1948 1437 1991 Pion
1459 1949 1639 2005 apostoli
1668 1949 1760 2006 jam
1780 1950 2024 2005 proximum
2044 1950 2243 1995 futurum

278 2044 374 2097 post
409 2041 560 2083 datum
592 2040 855 2096 presentium
887 2039 1083 2082 similiter
1115 2040 1354 2082 absolutam
1387 2044 1429 2083 et
1457 2041 1747 2083 communioni
1775 2042 1967 2085 fidelium
1999 2043 2242 2087 restitutam

276 2131 409 2174 fuisse
430 2133 472 2174 et
492 2145 580 2173 esse
601 2144 649 2172 ac
668 2145 745 2186 pro
766 2130 825 2173 sic
845 2131 1076 2186 respective
1097 2129 1336 2173 absolutam
1357 2134 1399 2173 et
1420 2132 1708 2175 communioni
1727 2132 1920 2176 fidelium
1939 2134 2182 2177 restitutam
2197 2134 2244 2177 in

281 2222 466 2265 ecclesiis
498 2221 649 2264 vestris
681 2220 994 2278 parochialibus
1024 2220 1174 2264 diebus
1205 2222 1428 2264 dominicis
1449 2226 1492 2265 et
1508 2223 1672 2264 festivis
1701 2223 1815 2266 inter
1843 2224 2011 2267 dierum
2039 2225 2246 2268 solemnia

282 2314 387 2357 dum
422 2313 562 2369 major
594 2313 641 2355 in
669 2313 830 2356 eisdem
867 2314 922 2355 ad
947 2313 1095 2355 divina
1125 2313 1340 2355 audienda
1369 2314 1555 2356 adfuerit
1585 2314 1734 2370 populi
1762 2315 1995 2358 multitudo
2025 2316 2168 2372 palam
2202 2320 2245 2360 et

280 2404 450 2462 publice
483 2404 731 2447 immediate
763 2408 859 2460 post
888 2404 1174 2460 receptionem
1204 2405 1467 2460 presentium
1496 2404 1723 2461 publicetis
1752 2408 1795 2448 et
1826 2406 2048 2450 declaretis
2078 2422 2153 2450 seu
2187 2408 2246 2452 sio

280 2495 491 2552 publicari
520 2498 563 2538 et
584 2495 741 2538 declari
762 2495 926 2538 faciatis
956 2509 1053 2538 cum
1083 2495 1239 2538 effectu
1269 2495 1347 2538 sub
1377 2510 1505 2551 poena
1534 2496 1657 2552 juris.
1718 2496 1780 2539 Et
1809 2497 1914 2553 quid
1944 2498 1990 2540 in
2020 2499 2249 2554 praemissis

283 2586 469 2630 feceritis
498 2601 576 2629 nos
596 2589 673 2629 aut
703 2587 942 2629 auditorem
972 2589 1167 2630 nostrum
1196 2586 1461 2629 antedictum
1481 2587 1549 2629 vel
1579 2587 1713 2630 alium
1732 2588 1922 2644 judicem
1941 2589 1988 2632 in
2015 2590 2094 2633 hac
2125 2593 2246 2647 parte

280 2680 592 2733 competentem
613 2692 910 2734 quemcunque
932 2692 1029 2721 cum
1059 2678 1114 2720 ad
1135 2677 1214 2720 hoc
1235 2692 1421 2734 congrue
1442 2677 1610 2721 fueritis
1631 2679 1825 2735 requisiti
1845 2679 1988 2723 debite
2008 2681 2249 2725 certificetis

281 2783 469 2811 unacum
489 2767 769 2824 presentibus

341 2850 507 2894 Datum
527 2865 641 2894 nono
662 2850 733 2895 die
753 2852 910 2894 mensis
930 2851 1187 2895 Novembris
1210 2852 1335 2893 1591.

340 2933 455 2987 Seal,
475 2934 552 2977 red
573 2948 683 2986 wax,
707 2934 835 2977 much
855 2934 1029 2978 broken.

338 3017 635 3060 Endorsed—-‘
655 3016 893 3062 Concordat
914 3032 1010 3061 oum
1031 3018 1198 3061 decreto
1219 3017 1406 3061 Thomas
1429 3017 1642 3074 Whewy.'
1679 3019 1734 3074 (ἓ)
