2425 3423
1883 211 1995 254 2123

94 433 512 477 SOUTHECORNELYE
528 431 733 474 Kmricc
752 429 1061 472 NEWCASTELL
1076 426 1240 468 COYTIE
1255 424 1461 467 GOSTONN
1485 426 1526 465 et
1538 422 1767 465 LANGANN
1781 421 1828 462 in
1844 419 2050 462 comitatu

98 525 286 580 predicto
308 539 356 566 ac
377 525 430 565 de
450 526 493 565 et
512 523 558 564 in
579 520 856 564 advocacione
877 519 1046 562 ecclesie
1067 518 1119 559 de
1142 517 1370 558 LANGANN
1391 514 1520 556 tercia
1547 513 1637 555 vice
1658 526 1752 554 cum
1784 510 1982 553 acciderit
2002 523 2051 552 ac

98 617 150 658 de
171 615 301 658 tercia
320 617 441 671 parte
461 613 588 655 unius
608 610 842 654 molendini
859 609 1067 665 granatici
1087 607 1272 663 aquatici
1287 610 1330 648 et
1350 607 1402 648 de
1422 604 1650 646 medietate
1671 603 1797 645 unius
1813 600 2049 643 molendini

98 706 283 748 fullatici
303 704 489 761 aquatici
508 703 742 760 jacentium
772 705 815 743 et
835 700 1109 743 existentium
1129 699 1176 740 in
1200 697 1397 740 LANGAN
1418 695 1608 751 predicta
1628 708 1724 736 cum
1745 691 1941 735 omnibus
1962 691 2048 733 suis

97 797 267 853 juribus
297 799 339 839 et
368 793 640 851 pertinenciis
670 792 744 848 qui
764 791 937 847 quidem
958 790 1332 833 CHRISTOPHERUS
1363 787 1660 828 TURBERVILL
1681 785 1739 827 sic
1758 784 1858 826 inde
1880 783 2046 825 seisitus

100 888 284 930 existens
313 901 388 942 per
409 885 598 928 chartam
629 898 748 926 suam
767 883 1035 924 indentatam
1064 883 1282 936 gerentem
1303 880 1453 920 datum
1473 877 1609 933 primo
1631 876 1700 918 die
1721 874 1914 917 Octobris
1935 889 2047 916 anno

98 977 221 1034 regni
253 977 364 1019 dicte
395 976 566 1018 domine
600 974 768 1030 Regine
801 974 962 1015 decimo
997 971 1176 1027 septimo
1208 970 1327 1013 dedit
1369 972 1411 1010 et
1451 968 1653 1010 concessit
1685 967 1829 1008 omnia
1859 966 2050 1008 maneria

102 1069 289 1125 predicta
324 1083 371 1109 ac
404 1077 540 1109 cetera
574 1067 777 1121 premissa
807 1064 949 1107 omnia
977 1063 1127 1105 ultime
1162 1062 1208 1103 in
1235 1062 1314 1103 hac
1346 1059 1624 1115 inquisicione
1658 1057 1924 1100 mencionata
1957 1071 2053 1098 cum

103 1159 298 1202 omnibus
339 1158 423 1200 suis
462 1157 631 1213 juribus
671 1160 713 1199 et
752 1154 1023 1211 pertinenciis
1064 1153 1231 1195 cuidam
1272 1151 1513 1194 RmnARDo
1554 1149 1743 1191 THOMAS
1775 1163 1977 1205 generoso
2010 1151 2054 1190 et

103 1249 329 1292 heredibus
370 1248 455 1290 suis
489 1249 805 1303 imperpetuum
839 1247 893 1288 ad
929 1260 1034 1301 opus
1069 1249 1111 1286 et
1142 1258 1266 1286 usum
1302 1243 1340 1298 ej
1348 1243 1496 1285 usdem
1528 1241 1869 1284 CHRISTOPHERI
1900 1255 1975 1295 pro
2007 1254 2055 1281 ac

105 1341 286 1382 durante
305 1339 488 1382 termino
508 1339 595 1380 vite
615 1338 822 1380 naturalis
843 1352 916 1379 sue
938 1339 980 1378 et
1000 1339 1094 1391 post
1116 1335 1210 1391 ejus
1231 1335 1446 1377 decessum
1467 1334 1522 1374 ad
1544 1347 1649 1388 opus
1670 1334 1713 1373 et
1733 1346 1858 1373 usum
1878 1329 2059 1386 predicti

106 1430 135 1473 J
139 1444 305 1472 ENKINI
337 1429 635 1472 TURBERVILL
665 1431 708 1471 et
739 1428 942 1470 heredum
972 1427 1255 1469 masculorum
1286 1424 1464 1481 predicti
1485 1423 1684 1466 JENKINI
1713 1423 1765 1464 de
1786 1437 1955 1478 corpore
1987 1436 2062 1464 suo

104 1521 316 1576 legittime
336 1523 651 1575 procreatorum
671 1523 713 1561 et
734 1519 1088 1574 procreandorum
1120 1520 1161 1559 et
1182 1531 1257 1572 pro
1280 1515 1449 1558 defectu
1470 1514 1626 1557 talium
1647 1513 1852 1556 heredum
1874 1514 1928 1556 ad
1959 1513 2064 1556 alios

110 1626 214 1666 opus
247 1614 289 1652 et
325 1626 426 1653 usus
462 1610 670 1666 separales
702 1610 747 1651 in
770 1610 916 1651 eadem
949 1609 1094 1651 charta
1126 1608 1350 1649 indentata
1381 1605 1638 1661 specificatos
1669 1605 1828 1647 virtute
1859 1604 1982 1661 cujus
2018 1619 2067 1647 ac

114 1703 257 1758 vigore
281 1702 502 1758 cujusdam
525 1705 643 1743 actus
663 1700 934 1756 parliamenti
962 1701 1014 1742 de
1035 1698 1195 1741 usubus
1225 1698 1270 1740 in
1292 1697 1601 1753 possessionem
1621 1696 1927 1738 transferendis
1954 1696 2069 1738 idem

113 1792 490 1835 Cnmsrorflfflzus
505 1791 591 1833 fuit
611 1792 711 1833 inde
732 1790 897 1833 seisitus
917 1790 962 1831 in
981 1789 1192 1832 dominico
1213 1803 1288 1830 suo
1305 1791 1353 1830 ut
1370 1789 1422 1830 de
1439 1787 1571 1830 libero
1588 1789 1831 1829 tenemento
1846 1802 2069 1830 remanere

111 1884 212 1926 inde
247 1883 413 1938 prefato
445 1882 474 1925 J
479 1897 653 1924 ENKINO
686 1886 728 1923 et
762 1881 986 1923 heredibus
1022 1880 1220 1922 masculis
1260 1878 1439 1934 predicti
1475 1877 1504 1921 J
1508 1892 1676 1920 ENKINI
1716 1878 1768 1920 de
1798 1893 1967 1934 corpore
1995 1892 2070 1920 suo

113 1974 368 2017 exeuntibus
399 1977 614 2030 spectante
647 1976 792 2029 postea
812 1973 926 2015 idem
949 1971 1326 2014 CHRISTOPHERUS
1348 1970 1452 2013 obiit
1480 1970 1580 2011 inde
1603 1969 1768 2012 seisitus
1787 1972 1837 2011 ut
1857 1969 2070 2025 prefertur

116 2069 208 2121 post
244 2064 367 2121 cujus
398 2067 578 2107 mortem
613 2064 827 2120 predictus
863 2063 892 2105 J
896 2077 1097 2104 ENKINUS
1132 2062 1310 2104 intravit
1345 2061 1391 2103 in
1433 2062 1580 2103 eadem
1620 2060 1811 2103 maneria
1845 2075 1892 2102 ac
1933 2063 2070 2102 cetera

116 2156 319 2212 premissa
352 2155 496 2197 omnia
535 2155 685 2196 ultime
719 2154 955 2210 specificata
989 2168 1084 2194 cum
1120 2152 1316 2194 omnibus
1349 2152 1435 2194 suis
1469 2151 1740 2207 pertinenciis
1775 2155 1818 2193 et
1852 2151 1938 2193 fuit
1969 2151 2070 2193 inde

119 2245 284 2287 seisitus
304 2245 350 2286 in
371 2245 581 2287 dominico
598 2259 672 2286 suo
688 2248 737 2286 ut
758 2245 810 2285 de
823 2243 948 2286 feodo
964 2243 1129 2285 talliato
1150 2246 1199 2284 ut
1219 2243 1432 2298 prefertur
1448 2246 1490 2284 et
1512 2242 1568 2284 sic
1584 2242 1684 2284 inde
1701 2242 1867 2284 seisitus
1883 2242 2067 2284 existens

120 2335 226 2377 obiit
246 2338 288 2376 et
308 2336 420 2390 quod
436 2335 675 2389 predictum
696 2334 934 2376 manerium
956 2335 1007 2376 de
1029 2333 1277 2375 PENLLYNE
1298 2333 1521 2376 advocacie
1543 2333 1712 2375 ecclesie
1728 2333 1915 2389 predicte
1936 2333 2065 2376 tercia

119 2440 215 2480 pars
246 2424 479 2466 molendini
511 2424 689 2479 predicti
719 2424 925 2466 medietas
955 2424 1190 2466 molendini
1220 2423 1399 2479 predicti
1440 2439 1487 2466 ac
1518 2427 1654 2465 cetera
1689 2424 1891 2479 premissa
1921 2425 2064 2467 omnia

119 2515 304 2572 jacentia
333 2515 378 2557 in
399 2515 608 2571 parochiis
629 2516 682 2557 de
703 2514 951 2556 PENLLYNE
985 2514 1190 2556 GOSTONN
1211 2518 1254 2557 et
1273 2513 1502 2557 LANGANN
1535 2518 1738 2557 tenentur
1766 2516 1818 2557 de
1849 2515 2063 2558 HENRmo

122 2606 273 2648 comite
294 2605 593 2647 PEMBROCHIE
610 2607 659 2647 ut
680 2606 732 2647 de
749 2608 881 2647 castro
898 2620 973 2647 suo
989 2606 1041 2647 de
1056 2604 1229 2647 CARDIF
1245 2620 1319 2660 per
1334 2605 1557 2647 servicium
1573 2605 1757 2647 militare
1774 2606 1966 2648 videlicet
1988 2622 2063 2662 per

118 2696 293 2738 terciam
313 2699 477 2751 partem
498 2696 679 2737 duorum
701 2695 922 2737 feodorum
942 2695 1091 2737 militis
1111 2700 1153 2737 et
1171 2711 1246 2752 per
1266 2696 1495 2738 annualem
1510 2696 1725 2738 redditum
1741 2711 1864 2739 anS.
1883 2701 2000 2740 111Jd.
2020 2701 2062 2740 et

115 2788 259 2829 valent
277 2801 353 2843 per
372 2801 535 2828 annum
555 2787 600 2828 in
617 2786 813 2828 omnibus
836 2787 1020 2829 exitibus
1041 2787 1154 2829 ultra
1173 2787 1352 2842 reprisas
1373 2790 1476 2829 11Jl27.
1501 2802 1584 2829 ηε.
1610 2791 1738 2830 v11Jd.
1764 2791 1805 2830 et
1830 2790 1943 2844 quod
1964 2805 2056 2845 pre-

122 2877 283 2919 dictum
304 2876 542 2919 manerium
564 2878 614 2918 de
629 2876 1058 2919 NORTHECORNELYE
1072 2881 1243 2920 tenetur
1258 2879 1311 2919 de
1324 2878 1494 2920 domino
1511 2878 1686 2933 dominij
1711 2879 1763 2921 de
1785 2877 2001 2922 KYNFIGG
2015 2881 2062 2923 in

121 2968 252 3010 libero
269 2968 458 3024 soccagio
471 2968 668 3011 videlicet
688 2983 763 3024 per
784 2969 1034 3011 fidelitatem
1055 2972 1097 3011 et
1118 2969 1345 3011 annualem
1366 2969 1580 3011 redditum
1603 2983 1684 3011 Ix-s.
1708 2972 1776 3011 xd.
1801 2976 1842 3012 et
1863 2971 1975 3013 valet
1991 2986 2067 3027 per
