2425 3423
404 278 518 320 2304

1138 483 1512 527 MDLXXXIII.

346 591 703 638 QUITOLAIM
747 591 834 635 BY
879 590 1104 634 PHILIP
1144 591 1230 635 AB
1275 592 1475 636 SEISIL
1516 592 1592 636 ΤΟ
1634 592 1913 636 MARGAM
1968 592 2182 636 ABBEY
2215 593 2293 636 OF

490 681 666 725 LAND
718 681 967 725 CALLED
1019 681 1527 726 TALESKANLERE
1578 683 1651 726 IN
1701 682 2161 727 EGLESKEINUR
2209 683 2293 726 ΟΒ,

492 772 922 816 LLANGEINOR.

1059 862 1291 919 [MARGAM
1324 863 1580 921 CHARTER.]

1665 940 1825 982 EARLY
1860 940 1976 982 13ΤΗ
2008 939 2238 982 CENTURY.

403 1046 630 1089 Universis
652 1045 840 1088 CHRISTI
862 1045 1059 1088 fidelibus
1089 1060 1260 1101 presens
1291 1047 1494 1102 scriptum
1525 1047 1677 1089 visuris
1706 1047 1774 1089 vel
1806 1048 2015 1090 audituris
2046 1046 2297 1090 Pmmpns
2349 1095 2351 1099 ¹

346 1138 399 1180 ab
420 1137 569 1180 SEISIL
591 1138 772 1180 salutem
792 1137 838 1179 in
859 1137 1044 1180 domino.

405 1229 623 1272 Noveritis
643 1229 898 1272 universitas
929 1232 1068 1270 vestra
1098 1229 1212 1284 quod
1243 1243 1323 1284 ego
1354 1228 1527 1270 consilio
1558 1228 1789 1271 amicorum
1820 1243 2012 1271 meorum
2043 1229 2225 1271 concessi
2255 1231 2298 1271 et

344 1321 513 1376 quitum
535 1319 713 1361 clamavi
734 1323 777 1362 et
797 1318 994 1375 abjuravi
1016 1322 1058 1361 et
1078 1319 1157 1361 hac
1178 1320 1364 1374 presenti
1385 1323 1500 1361 carta
1522 1319 1767 1361 confirmavi
1798 1319 1892 1362 Deo
1923 1322 1965 1362 et
1986 1320 2154 1362 ecclesie
2174 1319 2297 1362 beate

346 1411 506 1454 MAnm
537 1411 590 1453 de
622 1411 827 1452 MARGAN
859 1413 901 1452 et
932 1410 1150 1453 monachis
1180 1410 1339 1452 ibidem
1371 1410 1464 1452 Deo
1495 1410 1773 1452 servientibus
1804 1414 1944 1453 totum
1980 1410 2052 1466 jus
2082 1425 2225 1452 meum
2256 1413 2299 1452 et

344 1506 483 1545 totum
505 1502 706 1543 clamium
729 1502 842 1557 quod
863 1500 994 1543 habui
1014 1501 1059 1542 in
1082 1505 1194 1543 terra
1214 1501 1290 1543 illa
1316 1502 1368 1543 de
1398 1501 1741 1544 EGLESKEYNUR
1772 1517 1853 1558 que
1883 1503 2121 1558 appellatur
2152 1501 2297 1544 TALE-

346 1607 581 1635 SKANLERE
599 1608 681 1648 que
697 1592 810 1647 jacet
830 1592 943 1633 inter
963 1591 1148 1634 rivulum
1167 1593 1240 1647 qui
1257 1593 1496 1647 appellatur
1518 1592 1726 1635 NANTIKI
1742 1597 1784 1635 et
1800 1608 1954 1649 aquam
1971 1594 2023 1634 de
2039 1592 2273 1635 UGGEMOR
2287 1626 2296 1634 .

346 1684 504 1727 scilicet
535 1683 737 1739 quicquid
777 1696 858 1738 ego
899 1692 939 1725 et
981 1686 1264 1725 antecessores
1297 1683 1381 1725 mei
1418 1698 1608 1738 unquam
1648 1683 1875 1726 habuimus
1907 1685 2020 1727 inter
2055 1699 2208 1739 aquam
2246 1684 2297 1726 de

347 1775 516 1817 GARWE
548 1778 590 1816 et
621 1788 776 1828 aquam
806 1774 858 1815 de
890 1773 1125 1815 UGGEMOR
1156 1775 1200 1815 in
1232 1773 1354 1816 bosco
1385 1778 1428 1816 et
1457 1774 1585 1829 plano
1616 1779 1666 1817 ut
1700 1775 1888 1817 habeant
1918 1780 1960 1817 et
1990 1778 2165 1817 teneant
2195 1774 2299 1817 dicti

344 1866 543 1909 monachi
564 1866 723 1908 dictam
744 1868 902 1908 terram
925 1899 933 1907 .
957 1864 1090 1907 libere
1122 1864 1264 1919 quiete
1295 1868 1336 1906 et
1370 1865 1538 1919 pacifice
1568 1880 1644 1920 pro
1674 1880 1742 1908 me
1774 1869 1816 1908 et
1847 1865 2043 1908 omnibus
2074 1865 2299 1907 heredibus

345 1959 450 2001 meis
481 1958 555 2013 qui
586 1962 686 1999 sunt
717 1957 784 1998 vel
821 1955 992 2013 [erunt]
1029 1956 1136 1997 sicut
1169 1955 1305 1997 ullum
1337 1959 1629 1998 tenementum
1660 1957 1726 1998 vel
1757 1957 1846 1999 ulla
1877 1957 2105 1999 elemosina
2124 1956 2299 1998 liberius

345 2049 492 2092 haberi
523 2052 663 2104 potest
693 2049 761 2091 vel
791 2048 940 2090 teneri.
1003 2047 1063 2089 Et
1095 2047 1313 2089 sciendum
1345 2048 1459 2102 quod
1490 2062 1569 2103 ego
1599 2048 1770 2090 affidavi
1810 2054 1852 2090 et
1883 2063 2008 2103 super
2038 2049 2301 2090 sacrosancta

348 2141 517 2183 ecclesie
548 2141 600 2181 de
631 2139 837 2181 MARGAN
869 2139 1012 2194 juravi
1046 2172 1053 2179 .
1089 2140 1201 2193 quod
1233 2138 1358 2180 istam
1395 2139 1702 2180 concessionem
1733 2144 1775 2181 et
1806 2139 1971 2195 quitam
2003 2138 2301 2181 clamationem

348 2231 532 2274 fideliter
562 2240 604 2272 et
635 2230 725 2272 sine
756 2230 852 2272 dolo
874 2229 1049 2271 servabo
1083 2263 1090 2271 .
1115 2234 1156 2271 et
1189 2237 1336 2271 eontra
1367 2244 1512 2271 omnes
1542 2230 1665 2271 dietis
1695 2231 1911 2272 monachis
1942 2228 2225 2272 warantizabo
2255 2229 2301 2270 in

350 2326 616 2379 perpetuum.

409 2414 512 2456 Hiis
533 2412 711 2454 testibus
734 2446 742 2454 .
766 2411 1002 2454 MAnmmo
1023 2426 1202 2467 persona
1223 2412 1275 2453 de
1299 2411 1455 2454 Sancto
1477 2411 1653 2453 TYLITH
1687 2445 1695 2453 .
1729 2411 2002 2454 KENEWREG
2033 2412 2086 2454 ab
2116 2411 2258 2454 WIAN
2291 2444 2299 2452 .

352 2506 558 2548 CRADoco
580 2503 633 2545 ab
654 2503 842 2545 Mmsmc
874 2537 882 2545 .
918 2502 1144 2545 GRIFFINO
1172 2503 1305 2544 fratre
1326 2503 1420 2558 ejus
1443 2532 1452 2541 .
1477 2502 1662 2544 ROGERO
1682 2502 1891 2545 VAHHAN
1925 2536 1932 2544 .
1967 2503 2218 2545 RUALLANT
2248 2502 2302 2545 ab

347 2597 513 2640 YTHEL
546 2630 554 2638 .
588 2594 773 2638 WRONU
805 2594 857 2636 ab
889 2593 1123 2636 KADUGAN
1157 2628 1165 2635 .
1199 2594 1228 2636 J
1232 2609 1420 2636 OHANNE
1451 2594 1492 2636 la
1526 2593 1676 2637 WARE
1710 2628 1718 2635 .
1753 2593 1919 2635 THOMA
1950 2595 2002 2635 de
2033 2592 2254 2635 KANTELO
2286 2626 2295 2635 .

351 2687 581 2731 monachis.
644 2685 789 2727 Espns
811 2688 854 2727 et
874 2683 1075 2726 ΚΑΝΑΑΝ
1100 2686 1309 2727 conversis
1331 2687 1382 2726 de
1403 2684 1607 2726 MARGAN
1632 2718 1640 2726 .
1664 2687 1705 2726 et
1727 2685 1874 2726 multis
1895 2684 2000 2726 aliis.

411 2779 507 2822 Seal
529 2778 735 2833 wanting.

406 2868 949 2924 Endorsed—‘Abjuratio
991 2867 1185 2922 Philippi
1217 2867 1269 2909 ab
1302 2866 1425 2909 Seisil
1458 2867 1510 2908 de
1540 2871 1652 2908 terra
1684 2867 1735 2908 de
1768 2866 2100 2922 Egliskeinwir‚³
2136 2867 2222 2908 and
2251 2866 2297 2907 in

352 2964 459 3004 later
479 2961 793 3016 handwritings
816 2963 825 2981 ‘
842 2958 1057 3010 Nantiki,'
1081 2959 1166 3000 and
1189 2962 1198 2980 ⁴
1216 2958 1405 3013 Ignoro.'

942 3048 1022 3078 This
1037 3049 1064 3077 is
1080 3057 1097 3076 a
1112 3049 1219 3078 better
1234 3049 1317 3077 form
1333 3049 1365 3077 of
1389 3047 1448 3077 No.
1464 3046 1718 3077 CCCLXXXV.
