2425 3423
2024 263 2140 303 2285

259 476 461 518 MARGAN
496 509 504 517 .
537 475 711 517 Norunt
746 474 860 516 enim
895 487 1040 515 omnes
1073 504 1082 513 .
1117 486 1235 513 senes
1270 485 1366 512 cum
1401 470 1642 526 junioribus
1677 470 1751 524 qui
1784 469 1980 511 habitant
2011 469 2057 510 in
2093 474 2204 510 terra

258 582 382 609 mea.
407 567 521 621 quod
541 565 736 607 monachi
766 565 818 606 de
849 562 987 605 Nam
1019 577 1240 617 nunquam
1277 569 1376 603 ante
1407 561 1640 617 predictam
1670 560 1992 603 conventionem
2023 560 2203 601 duorum

259 672 467 700 annorum
496 657 609 698 inter
634 670 702 698 me
732 658 774 697 et
803 655 898 696 illos
928 654 1099 704 factam,
1136 658 1353 708 pasturam
1383 654 1519 709 ipsam
1549 653 1929 708 frequentaverunt
1961 685 1969 694 .
2002 667 2079 694 nec
2109 666 2204 693 cum

260 749 462 791 armentis
483 749 568 790 suis
588 748 632 789 in
655 763 704 789 ea
724 746 954 802 aliquando
975 749 1101 787 an'cea
1122 744 1201 786 visi
1223 744 1410 786 fuerunt.
1475 744 1626 786 Valete
1646 744 1688 785 in
1713 743 1912 785 Domino.

318 839 614 882 Endorsed—‘
632 838 869 894 Morganus
903 838 954 880 de
1000 840 1174 892 pastura
1213 851 1288 877 sua
1327 850 1380 877 ex
1413 839 1597 890 estparte
1632 836 1684 877 de
1715 833 1835 877 Neth
1875 849 1950 889 pro
1991 834 2115 875 domo
2152 833 2203 873 de

265 929 480 985 Margan.'

1100 1185 1369 1228 MDLXIV.

265 1301 748 1344 OONFIRMATION
789 1301 876 1344 BY
916 1300 1197 1351 MORGAN,
1240 1300 1356 1342 SON
1397 1299 1475 1341 OF
1517 1299 1775 1350 ORADOc‚
1818 1298 1894 1340 TO
1932 1296 2209 1340 MARGAM

411 1400 641 1450 ABBEY,
684 1400 762 1442 OF
804 1399 981 1443 GIFTS
1023 1399 1109 1442 BY
1150 1399 1400 1442 ROBERT
1447 1398 1581 1441 AND
1625 1397 1835 1440 ROGER
1887 1396 2088 1440 WIEIN
2142 1395 2214 1437 IN

414 1499 813 1552 NEWGASTLE,
857 1499 1033 1542 NEAR
1074 1498 1461 1541 BLAKESTON.

985 1607 1214 1664 [MARGAM
1248 1606 1504 1662 CHARTER]

1585 1713 1746 1755 EARLY
1779 1714 1895 1755 13Tn
1928 1713 2158 1756 CENTURY.

326 1816 536 1859 Omnibus
557 1815 711 1858 Sancte
733 1815 900 1857 ecclesie
922 1814 1020 1856 filiis
1042 1815 1096 1856 ad
1124 1828 1228 1869 quos
1259 1828 1428 1868 presens
1459 1813 1663 1868 scriptum
1692 1812 1932 1869 pervenerit
1963 1812 2218 1854 MORGANUS

265 1907 378 1949 filius
401 1906 598 1949 CRADOOI
622 1907 815 1949 salutem.

325 1997 476 2040 Sciatis
517 2012 583 2039 me
625 1997 872 2039 concessisse
912 1999 954 2038 et
994 1996 1072 2037 hac
1112 1998 1227 2037 carta
1267 1995 1533 2037 confirmasse
1570 1994 1787 2037 monachis
1828 1995 1880 2036 de
1919 1993 2124 2035 MARGAN
2168 1993 2214 2035 in

263 2091 518 2144 perpetuum
548 2089 693 2130 decem
724 2102 839 2129 acras
870 2102 974 2142 quas
1005 2087 1123 2128 dedit
1153 2086 1212 2127 eis
1246 2085 1485 2128 ROBERTUs
1522 2084 1682 2128 WIEIN
1717 2088 1758 2127 et
1786 2085 1930 2127 decem
1964 2099 2080 2126 acras
2111 2099 2216 2139 quas

266 2179 385 2222 dedit
406 2179 465 2221 eis
486 2178 701 2221 Roomms
725 2177 884 2222 Wmm
905 2178 951 2220 in
972 2177 1184 2220 territorio
1206 2178 1258 2218 de
1288 2176 1420 2219 Novo
1452 2175 1679 2218 CASTELLO
1709 2175 1836 2231 juxta
1867 2175 2138 2217 BLAKESTON
2170 2175 2215 2216 in

263 2272 513 2325 perpetuam
534 2269 806 2312 elemosinam
828 2269 1034 2311 tenendas
1053 2267 1184 2310 libere
1206 2272 1247 2309 et
1268 2267 1410 2322 quiete
1442 2267 1495 2309 ab
1516 2266 1632 2309 omni
1654 2267 1827 2309 servicio
1848 2266 2153 2308 consuetudine
2177 2271 2217 2307 et

265 2360 483 2403 exactione
504 2360 611 2403 sicut
633 2360 721 2402 ulla
741 2360 971 2402 elemosina
991 2358 1165 2401 liberius
1185 2360 1321 2400 teneri
1342 2361 1384 2400 et
1404 2358 1551 2400 haberi
1573 2360 1711 2414 potest
1732 2357 1778 2399 in
1798 2360 2065 2412 perpetuum.

325 2450 428 2493 Hiis
462 2450 641 2493 testibus
687 2484 694 2493 .
741 2450 860 2493 REso
898 2450 993 2491 Con
1037 2483 1045 2491 .
1088 2448 1232 2490 Espus
1273 2449 1359 2490 filio
1400 2447 1662 2490 KISTELARD
1707 2481 1715 2490 .
1759 2447 1914 2489 DAvm
1962 2448 2171 2490 PmGNEL
2207 2481 2214 2489 .

267 2541 472 2583 RICARDO
504 2541 693 2584 WALms
727 2574 734 2582 .
769 2540 1055 2582 HEREBERTO
1077 2539 1331 2581 PALMAmo.

324 2632 422 2674 Seal
442 2632 488 2674 of
507 2631 695 2688 Morgan
716 2647 791 2674 son
813 2631 859 2673 of
880 2631 1053 2683 Oradcc,
1076 2632 1149 2673 red
1171 2646 1277 2672 wax.
