2425 3423
1890 267 2003 308 2365

370 473 536 517 Eodem
556 474 681 517 modo
701 473 973 529 assignantur
993 471 1219 528 subscripti
1238 472 1284 514 in
1304 473 1427 515 terris
1446 472 1691 529 subscriptis
1712 474 1909 517 videlieet
1923 489 1994 517 :—

259 565 499 607 Ronssmus
519 565 571 607 de
593 564 774 607 PENREs
796 596 806 605 .

261 665 500 707 RoBERTus
520 665 572 707 de
594 664 880 706 PEMBRUGGE
904 696 912 704 .

490 754 753 812 conjunctim
773 761 815 797 et
836 754 1007 797 divisim
1026 754 1072 796 in
1089 759 1200 797 terra
1221 755 1273 797 de
1296 754 1467 798 Gowmz
1484 758 1527 797 et
1541 755 1732 811 partibus
1749 755 2057 812 adjacentibus.

259 854 384 898 Idem
404 855 644 898 Rossmffns
664 855 716 895 de
734 853 914 895 PENREs
930 853 976 895 in
989 853 1091 895 villa
1107 854 1160 896 de
1182 853 1473 896 HAVERFORD
1486 858 1529 898 et
1544 855 1737 911 partibus
1750 856 2055 912 adjacentibus.

261 954 460 997 OWENUS
481 968 534 1009 ap
555 952 772 995 MADDOK'
798 986 806 994 .

261 1053 413 1096 DAvm
433 1067 487 1108 ap
508 1051 719 1094 MEURIK'
744 1085 752 1094 .

491 1143 754 1199 conjunetim
775 1146 818 1185 et
838 1142 1006 1185 divisim
1027 1142 1074 1185 in
1095 1147 1207 1186 terra
1228 1144 1280 1185 de
1301 1143 1610 1187 MORGANNOK'
1633 1150 1808 1202 excepta
1827 1146 1902 1189 illa
1922 1147 2063 1190 clausa

492 1238 633 1276 damus
654 1238 801 1285 autem,
824 1238 893 1275 etc.

609 1332 682 1370 (See
697 1332 766 1361 also
782 1332 875 1362 Arclz.
895 1332 1029 1370 Cambr„
1045 1333 1100 1362 5th
1116 1332 1231 1371 Series,
1247 1333 1320 1363 Vol.
1337 1334 1407 1371 LV„
1424 1344 1453 1373 p.
1471 1335 1553 1371 172.)

898 1572 991 1615 MD
998 1572 1259 1618 CXXXIV.

117 1680 348 1725 NOTIGE
423 1679 501 1722 OF
573 1678 704 1721 THE
777 1679 940 1722 KING
1011 1680 1087 1723 TO
1163 1680 1271 1724 HIS
1349 1682 1690 1727 MINISTERS
1778 1686 1858 1729 OF
1936 1688 2067 1731 THE

262 1769 641 1813 AUTHORITY
684 1768 884 1812 GIVEN
926 1769 1002 1812 ΤΟ
1045 1770 1268 1813 PHILIP
1316 1772 1588 1817 VAGHAN
1630 1775 1765 1818 AND
1819 1777 2066 1822 OTHERS

263 1861 339 1905 TO
400 1860 570 1904 LEVY
632 1859 866 1902 FOROES
926 1861 1202 1904 AGAINST
1262 1862 1392 1905 THE
1452 1864 1732 1910 ENEMIES
1799 1867 1877 1911 OF
1937 1870 2067 1914 THE

263 1952 503 1996 GROWN.

600 2059 730 2116 [Pu.
765 2059 872 2102 ROT.
935 2061 991 2101 20
1024 2060 1152 2104 EDw.
1184 2061 1252 2106 II.
1313 2063 1505 2107 MEMBR.
1538 2064 1602 2121 7.]

1257 2162 1311 2203 30
1344 2161 1444 2204 OCT.
1506 2163 1561 2205 20
1593 2163 1721 2207 Enw.
1754 2165 1818 2208 II.
1883 2168 2007 2211 1326.

627 2267 722 2309 PRO
754 2267 885 2310 REGE
918 2283 975 2310 DE
1007 2283 1260 2312 HOMINIBUS
1291 2285 1542 2314 ELIGENDIS.

174 2377 270 2420 Rex
309 2374 623 2419 vicecomitibus
663 2375 832 2417 ballivis
875 2376 1079 2418 ministris
1115 2380 1156 2419 et
1187 2377 1383 2420 omnibus
1413 2378 1608 2423 fidelibus
1649 2381 1735 2424 suis
1777 2383 1829 2426 de
1859 2385 1982 2428 terris
2011 2387 2064 2430 de

115 2467 360 2510 KAERLION
381 2469 424 2509 et
444 2465 688 2507 EDOLOGON
710 2469 800 2508 tam
820 2466 935 2508 infra
954 2466 1170 2509 libertates
1201 2483 1329 2523 quam
1359 2474 1479 2512 extra
1501 2471 1555 2512 ad
1575 2487 1691 2526 quos,
1714 2476 1806 2526 eto„
1829 2475 2021 2519 salutem.

174 2558 326 2601 Sciatis
355 2558 469 2613 quod
500 2572 596 2599 eum
627 2556 881 2612 quibusdam
911 2558 964 2599 de
994 2559 1129 2600 causis
1160 2559 1392 2614 ceperimus
1422 2562 1555 2604 terras
1575 2563 1784 2617 predictas
1811 2565 1857 2608 in
1886 2582 2063 2612 manum

115 2653 316 2701 nostram,
358 2648 669 2704 assignavimus
709 2647 885 2691 dilectos
921 2647 1043 2690 nobis
1083 2648 1350 2692 PHILIPPUM
1392 2651 1595 2695 VAGHAN
1637 2656 1680 2696 et
1720 2654 1966 2701 HOWELEM
2009 2676 2062 2716 ap

115 2741 388 2783 MADANEWE
411 2739 674 2794 conjunctim
695 2741 738 2780 et
758 2738 928 2780 divisim
949 2740 1003 2781 ad
1024 2740 1283 2796 eligendum,
1306 2741 1590 2795 arraiandum‚
1614 2748 1656 2787 et
1671 2746 1900 2792 levandum
1915 2765 2060 2795 omnes

113 2831 316 2882 homines,
338 2833 413 2872 tan
444 2829 605 2885 equites
635 2844 764 2885 quam
793 2830 969 2885 pedites,
1001 2831 1053 2872 (16
1084 2832 1206 2873 terris
1236 2832 1434 2887 predictis
1464 2835 1519 2876 ad
1549 2836 1839 2882 defensionem
1869 2842 2060 2896 parcium

115 2921 287 2963 illarum
337 2923 481 2961 eontra
536 2919 710 2961 hostiles
759 2934 983 2975 aggressus
1037 2921 1306 2964 inimicorum
1355 2926 1397 2964 et
1451 2923 1676 2969 rebellium
1726 2931 1967 2974 nostrorum
2019 2948 2067 2976 ae

115 3012 465 3068 alienigenarum,
498 3010 571 3066 qui
605 3025 787 3066 regnum
817 3013 1010 3053 nostrum
1041 3012 1250 3055 hostiliter
1280 3018 1379 3056 sunt
1410 3015 1602 3071 ingressi,
1635 3018 1670 3060 si
1699 3019 1810 3074 ipsos
1840 3023 1895 3063 ad
1928 3027 2068 3078 partes
