2425 3423
310 283 423 324 2394

252 493 295 532 et
324 490 559 532 tenendum
598 488 838 543 predictum
877 490 1172 529 tenementum
1211 488 1322 528 terre
1362 484 1566 527 arabillis¹
1598 484 1707 540 prati
1749 483 1864 526 bosci
1903 486 2074 539 pasture
2113 497 2209 525 cum

251 581 441 637 predicto
461 579 707 622 molendino
730 582 772 621 et
793 593 918 620 cursu
938 593 1047 632 aque
1069 581 1112 618 et
1133 577 1232 633 alijs
1253 576 1513 619 aisiamentis
1533 579 1574 617 et
1595 575 1792 631 proficuis
1808 576 1946 617 eidem
1960 575 2207 617 molendino

252 670 566 728 pertinentibus
597 670 763 726 pretato
807 668 974 711 Tuom:
1017 667 1243 710 heredibus
1283 672 1326 710 et
1366 667 1592 723 assignatis
1632 666 1718 708 suis
1758 681 1783 707 a
1823 666 1892 707 die
1932 665 2211 708 confeccionis

252 763 518 820 presencium
540 777 670 817 Vsque
692 762 747 803 ad
767 761 897 803 finem
925 759 1100 802 termini
1132 765 1175 801 et
1206 774 1280 814 per
1309 759 1542 801 terminum
1564 758 1801 814 nonaginta
1823 771 2034 799 annorum
2054 760 2210 798 ext-unc

252 855 445 911 proxime
485 853 759 909 sequencium
801 856 844 894 et
884 850 1085 907 plenarijl
1121 851 1468 906 complendorum
1514 883 1522 890 .
1569 848 1807 891 Reddendo
1840 847 1942 889 inde
1983 847 2208 889 annuatim

251 946 430 1003 prefatis
451 945 596 987 abbati
617 949 660 986 et
681 943 909 986 conventui
930 947 972 985 et
1003 942 1308 985 successoribus
1329 942 1416 983 suis
1436 941 1594 997 viginti
1626 940 1780 982 solidos
1801 940 1856 981 ad
1883 938 2043 981 festum
2065 937 2211 981 Sancti

250 1037 510 1081 MICHAEms
540 1036 786 1092 archangeli
821 1050 918 1078 cum
952 1035 1075 1077 sectis
1108 1034 1221 1076 curie
1254 1033 1318 1076 bis
1348 1034 1395 1075 in
1424 1048 1536 1074 anno
1566 1032 1763 1074 videlicet
1789 1031 1843 1073 ad
1873 1031 2033 1072 festum
2064 1029 2211 1072 Sancti

252 1128 704 1171 ILLAR1¹confessoris
735 1130 777 1168 et
809 1126 955 1169 Sancti
988 1125 1249 1167 MICHAEmS
1283 1124 1529 1179 archangeli
1560 1128 1600 1165 et
1631 1123 1857 1164 hereituml
1887 1136 1983 1163 oum
2014 1120 2212 1163 acciderit

252 1222 487 1264 secundum
532 1218 883 1262 consuetudinem
931 1216 1111 1272 manerij
1164 1219 1205 1258 et
1251 1215 1428 1258 vlterius
1469 1216 1521 1257 de
1561 1216 1757 1271 ingressu
1810 1228 1936 1268 super
1979 1212 2212 1268 quemlibet

251 1317 471 1355 tenentem
493 1312 593 1354 inde
614 1310 861 1353 habendum
883 1310 988 1351 duos
1010 1308 1166 1350 solidos
1186 1308 1346 1349 tociens
1367 1306 1566 1362 quociens
1597 1305 1795 1348 acciderit
1825 1306 2006 1346 durante
2026 1304 2210 1346 termino

252 1405 441 1461 predicto
475 1439 482 1445 .
518 1403 578 1445 Et
598 1402 775 1445 vlt-erius
806 1400 1021 1457 predictus
1044 1399 1235 1441 THoMAs
1259 1413 1312 1453 ap
1335 1397 1363 1440 J
1369 1412 1490 1439 EUAN
1514 1396 1606 1439 Groz
1627 1400 1669 1438 et
1690 1396 1865 1438 heredes
1885 1395 1951 1437 sui
1970 1395 2209 1451 predictum

253 1498 548 1539 tenementum
577 1498 687 1536 terre
709 1492 911 1535 arabillisl
946 1506 1042 1534 cum
1073 1491 1262 1546 predicto
1302 1489 1547 1532 molendino
1579 1492 1618 1530 et
1651 1502 1775 1530 cursu
1805 1502 2013 1543 aquarum
2043 1490 2086 1529 et
2118 1486 2216 1542 aliJ‘s

255 1587 517 1631 aisiamentis
559 1587 697 1628 eidem
737 1584 981 1626 molendino
1012 1582 1325 1639 pertinentibus
1356 1580 1616 1636 reparabunt
1656 1578 1959 1621 sustentabunt
1989 1582 2029 1620 et
2061 1592 2212 1620 manu-

254 1679 466 1722 tenebunt
487 1677 728 1733 sumptibus
749 1677 837 1718 suis
857 1675 1044 1731 proprijs
1065 1678 1107 1717 et
1138 1673 1334 1730 expensis
1363 1674 1545 1715 durante
1576 1672 1759 1714 termino
1790 1671 1980 1727 predicto
2001 1674 2044 1711 et
2065 1670 2110 1712 111
2131 1670 2217 1711 fine

259 1771 433 1814 termini
452 1769 632 1826 predicti
654 1770 699 1810 in
721 1767 833 1810 bono
863 1771 977 1809 statu
998 1767 1216 1808 dimittent
1252 1800 1258 1807 .
1293 1765 1354 1807 Et
1384 1765 1419 1806 si
1449 1765 1588 1806 dictus
1617 1763 1810 1805 redditus
1840 1766 1979 1804 aretro
2009 1762 2141 1804 fuerit
2171 1762 2217 1803 in

255 1867 377 1920 parte
398 1863 466 1905 vel
487 1862 533 1903 in
554 1864 644 1903 toto
666 1876 741 1916 per
762 1859 1006 1915 quindecim
1028 1858 1118 1900 dies
1140 1857 1250 1899 vltra
1270 1857 1429 1899 festum
1461 1856 1698 1911 predictum
1731 1869 1814 1896 non
1850 1854 2013 1895 solutus
2034 1857 2076 1895 et
2098 1852 2218 1895 nulla

256 1955 466 1998 sufficiens
495 1953 706 1995 districcio
738 1952 783 1993 111
815 1951 1004 2006 predicto
1035 1953 1278 1992 tenemento
1309 1952 1351 1990 et
1382 1947 1570 2004 predicto
1601 1946 1845 1988 molendino
1867 1945 2058 1987 invenire
2079 1948 2216 2000 potest

258 2051 416 2089 extunc
435 2045 543 2087 bene
564 2045 689 2086 liceat
711 2042 889 2098 prefatis
912 2042 1057 2084 abbati
1079 2046 1121 2083 et
1143 2040 1371 2083 conventui
1392 2043 1433 2081 et
1462 2038 1765 2080 successoribus
1795 2037 1882 2079 suis
1913 2037 1959 2078 in
1980 2036 2218 2092 predictum

258 2140 553 2180 tenementum
594 2141 705 2176 terre
742 2133 944 2176 arabillis¹
981 2138 1023 2174 et
1063 2133 1107 2174 in
1149 2132 1390 2188 predictum
1429 2129 1723 2172 molendinum
1775 2143 1870 2170 cum
1912 2128 2094 2184 singulis
2134 2127 2220 2170 suis

260 2227 529 2285 pertinentiis
549 2226 754 2268 reintrare
782 2230 823 2266 et
856 2225 900 2266 in
933 2228 1047 2266 statu
1075 2223 1255 2279 pristino
1286 2223 1469 2264 retinere
1500 2227 1542 2262 et
1567 2220 1654 2275 hijs
1674 2219 1920 2261 indenturis
1940 2234 2026 2260 11011
2048 2217 2218 2260 obstan-

262 2320 378 2362 tibus
431 2353 438 2360 .
492 2318 551 2359 Et
586 2317 760 2371 insuper
793 2315 972 2371 predicti
1009 2314 1138 2356 abbas
1175 2319 1217 2355 et
1253 2315 1485 2355 conventus
1519 2317 1562 2353 et
1594 2325 1846 2352 successores
1881 2309 1946 2351 sui
1981 2309 2220 2365 predictum

262 2414 555 2454 tenementum
576 2413 686 2451 terre
710 2407 898 2450 arabillis
928 2407 1041 2462 prati
1071 2405 1185 2448 bosci
1214 2408 1386 2461 pasture
1413 2407 1456 2445 et
1476 2402 1584 2444 vasti
1606 2407 1647 2443 et
1668 2402 1904 2457 predictum
1926 2400 2221 2442 molendinum

265 2516 361 2544 cum
383 2515 507 2542 cursu
528 2513 736 2555 aquarum
759 2504 801 2540 et
820 2498 919 2554 alijs
936 2498 1196 2540 aisiamentis
1217 2500 1260 2538 et
1275 2495 1471 2552 proficuis
1488 2494 1625 2536 eidem
1642 2493 1887 2534 molendino
1908 2490 2222 2548 pertinentibus

264 2593 430 2649 prefato
453 2591 619 2634 ΤΗΟΜΕ
642 2605 694 2644 ap
716 2589 745 2632 J
751 2603 869 2631 EUAN
893 2588 1015 2631 Gouz
1037 2587 1263 2630 heredibus
1285 2592 1325 2629 et
1347 2585 1573 2642 assignatis
1603 2584 1688 2626 suis
1719 2586 1865 2626 contra
1896 2597 2042 2625 omnes
2071 2584 2220 2638 gentes

267 2682 608 2726 warantizabunt
629 2686 672 2723 et
693 2681 926 2723 defendent
947 2681 1128 2722 durante
1145 2679 1327 2721 termino
1343 2677 1532 2733 predicto
1548 2676 1594 2718 in
1614 2675 1740 2717 modo
1757 2678 1798 2716 et
1814 2673 1953 2716 forma
1969 2672 2216 2715 antedictis.

267 2775 322 2818 In
355 2774 423 2830 cuj
430 2788 479 2816 us
508 2774 569 2815 rei
599 2772 891 2815 testimonium
920 2771 1008 2828 hijs
1036 2770 1278 2813 indenturis
1307 2772 1448 2826 partes
1472 2767 1657 2823 predicte
1678 2771 1768 2808 tam
1788 2765 1979 2821 sigillum
1999 2778 2222 2806 commune

268 2864 513 2919 monaster-ij
539 2864 743 2906 antedicti
764 2878 895 2918 quam
915 2863 1106 2918 sigillum
1126 2861 1306 2918 predicti
1327 2860 1494 2902 Tuom
1516 2857 1762 2901 alternatim
1782 2860 1882 2898 sunt
1904 2854 2117 2910 appense.l

327 2957 493 2998 Datum
512 2955 559 2996 in
580 2954 720 2996 Domo
742 2953 966 3009 capitulari
987 2952 1233 3008 monasterij
1259 2950 1464 2993 antedicti
1485 2949 1554 2991 die
1574 2953 1617 2990 et
1638 2963 1750 2990 anno
1771 2946 2038 3002 supradictis.

330 3048 373 3089 A
394 3046 574 3100 chipped
596 3045 681 3087 scal
703 3044 747 3087 of
777 3045 977 3100 Margam
998 3043 1154 3097 Abbey
1175 3043 1221 3085 in
1241 3043 1317 3084 red
1337 3056 1432 3083 wax
1452 3041 1488 3082 is
1509 3039 1744 3095 appended.

1139 3135 1187 3170 11)
1213 3132 1279 3167 Sic,
1296 3131 1363 3161 Ms.
