2425 3423
1998 313 2111 354 2277

233 529 348 572 omni
369 525 537 570 servicio
560 558 568 567 .
591 524 631 566 E
655 558 867 567 .......
890 525 1129 580 ingressum
1159 526 1200 564 et
1231 536 1446 577 egressum
1476 522 1531 563 ad
1561 520 1853 577 percipiendas
1884 535 2029 562 omnes
2060 535 2170 562 com-

230 620 452 662 moditates
481 631 584 672 quas
612 614 767 658 habere
797 618 998 671 poterunt
1026 615 1078 656 dc
1108 613 1274 670 prefata
1307 617 1419 654 terra
1450 647 1458 655 .
1483 615 1525 654 et
1557 615 1606 654 ut
1640 611 1802 653 faciant
1840 611 1891 652 de
1928 613 2042 653 terra
2077 611 2170 666 ipsa

230 709 430 766 quicquid
446 706 668 750 voluerint.
742 705 803 747 Et
824 721 902 762 ego
923 705 1178 748 MORGANUS
1199 718 1272 759 pre
1292 702 1489 745 manibus
1511 702 1651 758 accepi
1685 737 1692 744 .
1729 735 1737 744 .
1770 702 1901 744 libras
1932 704 1975 744 et
2008 735 2168 744 .....

234 799 368 856 [anno
397 798 465 853 ab]
497 795 787 840 incarnatione
818 795 996 838 Domini
1029 829 1036 837 .
1071 801 1130 837 M0·
1149 801 1196 836 c0·
1215 793 1490 850 nonagesimo
1520 807 1634 834 nono
1668 826 1855 834 .....
1888 794 1982 848 post
2012 791 2170 834 festum

230 889 376 933 Sancti
396 889 650 932 MIoHAELrs
681 886 873 942 ejusdem
903 886 1007 929 anni
1039 921 1047 928 .
1079 885 1333 928 Notandum
1353 884 1484 927 etiam
1504 899 1572 926 me
1593 898 1719 939 super
1740 883 1980 926 sanctuaria
2001 883 2171 925 ecclesie

229 980 392 1037 jurasse
431 980 542 1035 quod
589 993 668 1034 ego
709 982 749 1019 et
791 977 965 1020 heredes
1013 977 1097 1019 mei
1136 976 1348 1032 prefatam
1388 975 1663 1017 donationem
1713 974 1913 1030 predictis
1953 974 2171 1016 monachis

236 1069 619 1128 [warentizabimus
651 1071 797 1111 contra
818 1067 984 1124 omnes]
1010 1067 1202 1110 homines
1224 1067 1270 1108 in
1291 1070 1558 1122 perpetuum.

288 1161 391 1204 Hiis
424 1160 599 1203 testibus
637 1192 645 1201 .
680 1158 848 1201 HELYA
893 1159 1050 1201 decano
1084 1191 1093 1201 .
1132 1157 1370 1201 WORGANO
1405 1157 1623 1213 capellano
1656 1157 1709 1199 de
1741 1156 1909 1199 AUENE
1940 1190 1948 1198 .
1987 1155 2173 1198 MEUmc

230 1252 338 1294 MAP
359 1255 402 1295 et
423 1251 646 1294 GRIFFINO
666 1249 798 1291 fratre
820 1249 914 1305 ejus
937 1283 944 1291 .
969 1249 1175 1291 HOWELo
1197 1248 1284 1291 filio
1307 1248 1526 1290 GRIFFINI
1560 1281 1568 1289 .
1603 1247 1826 1290 RUA'rLAN
1858 1247 1967 1289 MAP
1991 1246 2131 1289 an
2160 1281 2167 1288 .

230 1342 462 1384 MORGANU
496 1376 503 1383 .
539 1375 546 1383 .
581 1375 589 1384 .
624 1374 632 1383 .
665 1340 828 1384 ALEWI
864 1373 871 1381 .
905 1339 1161 1382 HERBERTO
1181 1339 1269 1381 filio
1291 1339 1516 1381 PALMERL

387 1432 454 1462 The
466 1431 540 1461 Ron
555 1440 595 1461 on
611 1430 715 1461 which
731 1430 798 1459 this
814 1439 925 1460 occurs
940 1430 966 1459 is
982 1433 1055 1459 torn
1070 1430 1135 1459 and
1150 1430 1299 1460 deficient
1314 1429 1347 1459 in
1363 1438 1450 1459 some
1465 1429 1585 1467 places.
1627 1428 1784 1467 Compare
1800 1428 1860 1458 No.
1872 1428 2027 1458 MDLIV.

1091 1603 1311 1646 MDLVI.

232 1711 402 1755 DEED
433 1710 757 1756 WHEREBY
782 1711 912 1754 THE
941 1710 1157 1754 EARL’S
1187 1710 1412 1753 WELSH
1439 1709 1760 1753 HUNDRED
1791 1709 1868 1752 OF
1898 1708 2176 1752 MARGAM

376 1802 596 1846 SWEAR
646 1802 721 1845 ΤΟ
773 1802 942 1846 ΚΕΕΡ
993 1802 1194 1845 PEAOE
1246 1801 1424 1845 WITH
1484 1800 1762 1844 MARGAM
1812 1800 2042 1852 ABBEY,
2095 1800 2171 1842 ΤΟ

373 1892 732 1936 PROSEOUTE
813 1892 1015 1935 THOSE
1098 1891 1248 1935 WHO
1328 1891 1566 1934 INJURE
1634 1891 1712 1941 ΙΤ,
1783 1891 1918 1934 AND
1990 1890 2174 1934 MAKE

374 1982 796 2027 RESTITUTION
838 1983 961 2026 FOR
1002 1982 1317 2026 DAMAGES.

945 2082 1174 2139 [MARGAM
1206 2081 1462 2138 CHARTER.]

1575 2155 1702 2198 Lm:
1735 2157 1852 2199 12T11
1883 2155 2115 2199 CENTURY.

284 2255 431 2298 Sciant
451 2271 595 2299 omnes
614 2261 703 2299 tam
724 2257 880 2313 posteri
901 2271 1029 2312 quam
1049 2257 1256 2299 instantes
1277 2257 1391 2312 quod
1410 2256 1487 2298 hec
1507 2259 1570 2299 est
1599 2256 1827 2298 transactio
1857 2270 1939 2311 que
1970 2255 2082 2297 facta
2113 2259 2175 2298 est

227 2347 338 2389 inter
375 2345 572 2389 abbatem
608 2348 660 2389 de
693 2347 900 2390 MARGAN
936 2350 978 2390 et
1014 2347 1246 2390 WALENSE
1282 2347 1590 2389 HUNDREDUM
1627 2346 1792 2389 comitis
1832 2347 1885 2388 de
1919 2346 2128 2388 MARGAN
2164 2381 2171 2388 .

225 2438 422 2480 videlicet
443 2437 608 2480 GUGAN
628 2438 863 2481 BODEWEN
888 2471 897 2481 .
922 2441 964 2481 et
985 2438 1137 2480 fratres
1158 2442 1200 2480 et
1229 2441 1425 2494 parentes
1454 2437 1548 2493 ejus
1570 2470 1578 2479 .
1601 2442 1643 2479 et
1665 2436 1836 2480 OREmo
1866 2436 2125 2479 CORREWEN
2160 2472 2168 2479 .

223 2532 266 2571 et
286 2529 439 2571 fratres
460 2562 469 2571 .
491 2533 534 2571 et
555 2529 633 2571 filii
655 2563 664 2572 .
688 2533 731 2572 et
751 2532 948 2585 parentes
970 2528 1064 2584 ejus
1086 2562 1094 2570 .
1118 2532 1161 2571 et
1176 2528 1206 2571 J
1208 2543 1292 2571 OAF
1317 2563 1324 2571 .
1349 2528 1461 2571 filius
1482 2527 1588 2571 Rm’
1615 2561 1623 2570 .
1646 2531 1689 2570 et
1708 2527 1861 2570 fratres
1884 2561 1892 2569 .
1915 2531 1958 2570 et
1974 2532 2170 2582 parentes

148 2638 151 2642 ’
220 2619 314 2675 ejus
344 2653 352 2661 .
385 2622 427 2661 et
456 2619 534 2661 filii
565 2619 696 2662 REUL
726 2623 769 2662 et
799 2623 994 2675 parentes
1024 2634 1170 2661 eorum
1202 2652 1211 2661 .
1244 2619 1552 2675 abjuraverunt
1581 2622 1716 2661 totam
1742 2621 1901 2661 terram
1922 2617 2091 2661 abbatie
2113 2619 2165 2660 de

220 2709 426 2751 MARGAN
461 2710 506 2752 in
541 2714 795 2767 perpetuum
828 2712 869 2752 et
905 2724 1050 2752 omnes
1085 2713 1218 2752 terras
1249 2711 1304 2752 ad
1332 2711 1513 2752 eandem
1543 2709 1804 2764 pertinentes
1834 2709 1880 2751 in
1911 2708 2034 2751 bosco
2056 2713 2098 2751 et
2119 2709 2165 2751 in

218 2800 347 2856 plano
370 2833 379 2843 .
402 2804 443 2842 et
463 2800 583 2843 illam
603 2801 788 2843 maxime
810 2815 937 2856 quam
957 2805 1188 2842 tenuerunt
1213 2834 1220 2842 .
1243 2815 1319 2855 pro
1341 2802 1472 2842 semet
1491 2799 1593 2855 ipsis
1613 2801 1656 2842 et
1677 2799 1762 2841 suis
1782 2801 1873 2841 tam
1892 2814 1968 2854 pro
1989 2799 2074 2841 illis
2095 2799 2169 2854 qui

214 2891 306 2933 nati
326 2895 425 2933 sunt
448 2925 456 2934 .
480 2906 610 2947 quam
629 2907 705 2947 pro
721 2891 806 2934 illis
823 2891 896 2946 qui
917 2891 1118 2932 nascituri
1136 2894 1247 2933 sunt.
1300 2890 1360 2932 Et
1376 2894 1516 2933 totum
1531 2891 1803 2932 hundredum
1813 2889 1980 2945 juravit
1996 2890 2163 2932 firmam

220 2983 263 3023 et
294 2984 542 3037 perpetuam
577 2997 723 3037 pacem
756 2981 942 3037 predicte
982 2980 1150 3023 abbatie
1189 2982 1420 3023 tenendam
1461 2983 1503 3023 et
1543 2981 1663 3022 illam
1702 2980 2035 3023 conservandam
2077 3013 2085 3021 .
2128 2984 2169 3021 et

216 3071 591 3114 warenzizandam1
626 3105 633 3113 .
668 3075 710 3113 et
741 3085 885 3113 omnes
915 3070 1191 3125 possessiones
1221 3070 1335 3113 illius
1364 3071 1410 3113 in
1440 3070 1563 3113 bosco
1592 3073 1634 3112 et
1655 3071 1700 3113 in
1721 3071 1849 3126 plano
1873 3104 1880 3111 .
1906 3072 1947 3110 et
1969 3069 2162 3112 omnibus
