<?xml version="1.0" encoding="UTF-8"?>
<!DOCTYPE html PUBLIC "-//W3C//DTD XHTML 1.0 Transitional//EN"
    "http://www.w3.org/TR/xhtml1/DTD/xhtml1-transitional.dtd">
<html xmlns="http://www.w3.org/1999/xhtml" xml:lang="en" lang="en">
 <head>
  <title>
</title>
<meta http-equiv="Content-Type" content="text/html;charset=utf-8" />
  <meta name='ocr-system' content='tesseract 3.04.00' />
  <meta name='ocr-capabilities' content='ocr_page ocr_carea ocr_par ocr_line ocrx_word'/>
</head>
<body>
  <div class='ocr_page' id='page_1' title='image "./cartaeetaliamuni06claruoft/cartaeetaliamuni06claruoft_0294.png"; bbox 0 0 2425 3423; ppageno 0'>
   <div class='ocr_carea' id='block_1_1' title="bbox 288 272 401 314">
    <p class='ocr_par' dir='ltr' id='par_1_1' title="bbox 288 272 401 314">
     <span class='ocr_line' id='line_1_1' title="bbox 288 272 401 314; baseline -0.018 0"><span class='ocrx_word' id='word_1_1' title='bbox 288 272 401 314; x_wconf 82' lang='lat'><strong>2332</strong></span> 
     </span>
    </p>
   </div>
   <div class='ocr_carea' id='block_1_2' title="bbox 226 472 2179 1441">
    <p class='ocr_par' dir='ltr' id='par_1_2' title="bbox 230 472 2177 625">
     <span class='ocr_line' id='line_1_2' title="bbox 230 472 2177 534; baseline -0.003 -14"><span class='ocrx_word' id='word_1_2' title='bbox 230 478 374 534; x_wconf 89' lang='lat' dir='ltr'>aliqua</span> <span class='ocrx_word' id='word_1_3' title='bbox 394 477 636 533; x_wconf 85' lang='lat' dir='ltr'>calumpnia</span> <span class='ocrx_word' id='word_1_4' title='bbox 658 491 783 532; x_wconf 90' lang='lat' dir='ltr'>super</span> <span class='ocrx_word' id='word_1_5' title='bbox 802 479 914 519; x_wconf 89' lang='lat' dir='ltr'>terra</span> <span class='ocrx_word' id='word_1_6' title='bbox 934 476 1009 518; x_wconf 88' lang='lat' dir='ltr'>illa</span> <span class='ocrx_word' id='word_1_7' title='bbox 1028 476 1097 518; x_wconf 87' lang='lat' dir='ltr'>vel</span> <span class='ocrx_word' id='word_1_8' title='bbox 1127 476 1299 518; x_wconf 85' lang='lat' dir='ltr'>ecclesia</span> <span class='ocrx_word' id='word_1_9' title='bbox 1330 476 1421 532; x_wconf 90' lang='lat' dir='ltr'>ipsa</span> <span class='ocrx_word' id='word_1_10' title='bbox 1453 509 1461 518; x_wconf 95' lang='lat'><strong><em>.</em></strong></span> <span class='ocrx_word' id='word_1_11' title='bbox 1495 489 1575 530; x_wconf 89' lang='lat' dir='ltr'>ego</span> <span class='ocrx_word' id='word_1_12' title='bbox 1605 477 1649 517; x_wconf 89' lang='lat' dir='ltr'>et</span> <span class='ocrx_word' id='word_1_13' title='bbox 1668 474 1844 517; x_wconf 88' lang='lat' dir='ltr'>heredes</span> <span class='ocrx_word' id='word_1_14' title='bbox 1865 473 1950 516; x_wconf 88' lang='lat' dir='ltr'>mei</span> <span class='ocrx_word' id='word_1_15' title='bbox 1971 472 2177 516; x_wconf 85' lang='lat' dir='ltr'>stabimus</span> 
     </span>
     <span class='ocr_line' id='line_1_3' title="bbox 230 565 1799 625; baseline -0.004 -13"><span class='ocrx_word' id='word_1_16' title='bbox 230 584 326 612; x_wconf 88' lang='lat' dir='ltr'>cum</span> <span class='ocrx_word' id='word_1_17' title='bbox 347 569 406 612; x_wconf 90' lang='lat' dir='ltr'>eis</span> <span class='ocrx_word' id='word_1_18' title='bbox 426 572 468 611; x_wconf 87' lang='lat' dir='ltr'>et</span> <span class='ocrx_word' id='word_1_19' title='bbox 488 583 564 625; x_wconf 88' lang='lat' dir='ltr'>pro</span> <span class='ocrx_word' id='word_1_20' title='bbox 585 568 645 611; x_wconf 87' lang='lat' dir='ltr'>eis</span> <span class='ocrx_word' id='word_1_21' title='bbox 664 568 719 610; x_wconf 83' lang='lat' dir='ltr'>ad</span> <span class='ocrx_word' id='word_1_22' title='bbox 739 567 1125 610; x_wconf 88' lang='lat' dir='ltr'>diratiocinandum</span> <span class='ocrx_word' id='word_1_23' title='bbox 1147 566 1351 622; x_wconf 83' lang='lat' dir='ltr'>quicquid</span> <span class='ocrx_word' id='word_1_24' title='bbox 1370 581 1445 622; x_wconf 87' lang='lat' dir='ltr'>per</span> <span class='ocrx_word' id='word_1_25' title='bbox 1465 580 1542 608; x_wconf 92' lang='lat' dir='ltr'>nos</span> <span class='ocrx_word' id='word_1_26' title='bbox 1570 565 1799 621; x_wconf 85' lang='lat' dir='ltr'>possident.</span> 
     </span>
    </p>

    <p class='ocr_par' dir='ltr' id='par_1_3' title="bbox 226 654 2179 1156">
     <span class='ocr_line' id='line_1_4' title="bbox 287 654 2178 703; baseline -0.003 -1"><span class='ocrx_word' id='word_1_27' title='bbox 287 659 433 703; x_wconf 87' lang='lat' dir='ltr'>Testes</span> <span class='ocrx_word' id='word_1_28' title='bbox 465 693 474 702; x_wconf 91' lang='lat'><strong>.</strong></span> <span class='ocrx_word' id='word_1_29' title='bbox 506 659 713 701; x_wconf 81' lang='lat' dir='ltr'>EGLINUS</span> <span class='ocrx_word' id='word_1_30' title='bbox 741 660 845 700; x_wconf 90' lang='lat' dir='ltr'>tunc</span> <span class='ocrx_word' id='word_1_31' title='bbox 875 657 1104 701; x_wconf 78' lang='lat' dir='ltr'>vicecomes</span> <span class='ocrx_word' id='word_1_32' title='bbox 1144 658 1196 699; x_wconf 92' lang='lat' dir='ltr'>de</span> <span class='ocrx_word' id='word_1_33' title='bbox 1238 656 1562 700; x_wconf 80' lang='lat' dir='ltr'><strong>GLANMARGAN</strong></span> <span class='ocrx_word' id='word_1_34' title='bbox 1605 689 1614 698; x_wconf 90' lang='lat'><strong>.</strong></span> <span class='ocrx_word' id='word_1_35' title='bbox 1648 655 1889 698; x_wconf 72' lang='lat' dir='ltr'>RoBERTUs</span> <span class='ocrx_word' id='word_1_36' title='bbox 1920 655 1973 697; x_wconf 87' lang='lat' dir='ltr'>de</span> <span class='ocrx_word' id='word_1_37' title='bbox 2004 654 2178 697; x_wconf 66' lang='lat' dir='ltr'>szmc</span> 
     </span>
     <span class='ocr_line' id='line_1_5' title="bbox 228 744 2179 806; baseline -0.003 -13"><span class='ocrx_word' id='word_1_38' title='bbox 228 750 358 793; x_wconf 70' lang='lat' dir='ltr'>frater</span> <span class='ocrx_word' id='word_1_39' title='bbox 388 750 483 806; x_wconf 87' lang='lat' dir='ltr'>ejus</span> <span class='ocrx_word' id='word_1_40' title='bbox 514 783 523 793; x_wconf 94' lang='lat'><strong>.</strong></span> <span class='ocrx_word' id='word_1_41' title='bbox 555 749 585 792; x_wconf 87' lang='lat' dir='ltr'><strong>J</strong></span> <span class='ocrx_word' id='word_1_42' title='bbox 588 763 796 792; x_wconf 79' lang='lat' dir='ltr'>OHANNEs</span> <span class='ocrx_word' id='word_1_43' title='bbox 826 749 878 790; x_wconf 91' lang='lat' dir='ltr'>de</span> <span class='ocrx_word' id='word_1_44' title='bbox 908 747 1064 790; x_wconf 84' lang='lat' dir='ltr'>Sancto</span> <span class='ocrx_word' id='word_1_45' title='bbox 1098 747 1345 790; x_wconf 83' lang='lat' dir='ltr'>MICHAELE</span> <span class='ocrx_word' id='word_1_46' title='bbox 1369 781 1377 789; x_wconf 92' lang='lat'><strong><em>.</em></strong></span> <span class='ocrx_word' id='word_1_47' title='bbox 1402 746 1661 790; x_wconf 81' lang='lat' dir='ltr'><strong>WALTERUS</strong></span> <span class='ocrx_word' id='word_1_48' title='bbox 1684 745 1845 788; x_wconf 79' lang='lat' dir='ltr'><strong>LUVEL</strong></span> <span class='ocrx_word' id='word_1_49' title='bbox 1876 780 1885 788; x_wconf 90' lang='lat'><strong>.</strong></span> <span class='ocrx_word' id='word_1_50' title='bbox 1920 744 2179 788; x_wconf 81' lang='lat' dir='ltr'><strong>WALTERUS</strong></span> 
     </span>
     <span class='ocr_line' id='line_1_6' title="bbox 226 835 2172 883; baseline -0.003 0"><span class='ocrx_word' id='word_1_51' title='bbox 226 840 439 883; x_wconf 76' lang='lat' dir='ltr'><strong>LAGELES</strong></span> <span class='ocrx_word' id='word_1_52' title='bbox 471 874 479 882; x_wconf 88' lang='lat'><strong>.</strong></span> <span class='ocrx_word' id='word_1_53' title='bbox 515 839 828 883; x_wconf 76' lang='lat' dir='ltr'>GILLEBERTUS</span> <span class='ocrx_word' id='word_1_54' title='bbox 859 838 1089 882; x_wconf 80' lang='lat' dir='ltr'>GRAMMUS</span> <span class='ocrx_word' id='word_1_55' title='bbox 1123 869 1132 878; x_wconf 90' lang='lat'><em>.</em></span> <span class='ocrx_word' id='word_1_56' title='bbox 1165 838 1426 881; x_wconf 79' lang='lat' dir='ltr'><strong>WALTERUS</strong></span> <span class='ocrx_word' id='word_1_57' title='bbox 1465 836 1653 880; x_wconf 79' lang='lat' dir='ltr'>SIWARD</span> <span class='ocrx_word' id='word_1_58' title='bbox 1697 869 1705 878; x_wconf 88' lang='lat'><strong>.</strong></span> <span class='ocrx_word' id='word_1_59' title='bbox 1749 836 1845 878; x_wconf 84' lang='lat' dir='ltr'>Ono</span> <span class='ocrx_word' id='word_1_60' title='bbox 1886 837 1939 878; x_wconf 92' lang='lat' dir='ltr'>de</span> <span class='ocrx_word' id='word_1_61' title='bbox 1981 835 2130 877; x_wconf 57' lang='lat' dir='ltr'>Onnes</span> <span class='ocrx_word' id='word_1_62' title='bbox 2163 868 2172 877; x_wconf 87' lang='lat'><strong>.</strong></span> 
     </span>
     <span class='ocr_line' id='line_1_7' title="bbox 228 925 2172 985; baseline -0.003 -11"><span class='ocrx_word' id='word_1_63' title='bbox 228 931 513 976; x_wconf 76' lang='lat' dir='ltr'><strong>WILLELMUS</strong></span> <span class='ocrx_word' id='word_1_64' title='bbox 553 931 742 973; x_wconf 81' lang='lat' dir='ltr'>sacerdos</span> <span class='ocrx_word' id='word_1_65' title='bbox 780 933 884 972; x_wconf 88' lang='lat' dir='ltr'>tunc</span> <span class='ocrx_word' id='word_1_66' title='bbox 914 928 1158 985; x_wconf 84' lang='lat' dir='ltr'>capellanus</span> <span class='ocrx_word' id='word_1_67' title='bbox 1188 929 1240 970; x_wconf 88' lang='lat' dir='ltr'>de</span> <span class='ocrx_word' id='word_1_68' title='bbox 1280 927 1507 970; x_wconf 82' lang='lat' dir='ltr'>KENEFEG</span> <span class='ocrx_word' id='word_1_69' title='bbox 1551 962 1559 970; x_wconf 88' lang='lat'><strong>.</strong></span> <span class='ocrx_word' id='word_1_70' title='bbox 1603 927 1783 970; x_wconf 81' lang='lat' dir='ltr'>HELIAs</span> <span class='ocrx_word' id='word_1_71' title='bbox 1814 926 1926 969; x_wconf 88' lang='lat' dir='ltr'>filius</span> <span class='ocrx_word' id='word_1_72' title='bbox 1968 925 2119 968; x_wconf 77' lang='lat' dir='ltr'>ARTH&#39;</span> <span class='ocrx_word' id='word_1_73' title='bbox 2163 960 2172 968; x_wconf 86' lang='lat'><strong>.</strong></span> 
     </span>
     <span class='ocr_line' id='line_1_8' title="bbox 227 1016 2174 1074; baseline -0.004 -9"><span class='ocrx_word' id='word_1_74' title='bbox 227 1022 497 1065; x_wconf 79' lang='lat' dir='ltr'>STEPHANUS</span> <span class='ocrx_word' id='word_1_75' title='bbox 518 1021 691 1064; x_wconf 89' lang='lat' dir='ltr'>clericus</span> <span class='ocrx_word' id='word_1_76' title='bbox 710 1020 824 1063; x_wconf 79' lang='lat' dir='ltr'>filius</span> <span class='ocrx_word' id='word_1_77' title='bbox 845 1019 1094 1063; x_wconf 80' lang='lat' dir='ltr'>WILLELMI</span> <span class='ocrx_word' id='word_1_78' title='bbox 1117 1019 1195 1060; x_wconf 89' lang='lat' dir='ltr'>filii</span> <span class='ocrx_word' id='word_1_79' title='bbox 1220 1021 1454 1060; x_wconf 76' lang='lat' dir='ltr'>STEPHANI</span> <span class='ocrx_word' id='word_1_80' title='bbox 1478 1053 1486 1061; x_wconf 94' lang='lat'><strong>.</strong></span> <span class='ocrx_word' id='word_1_81' title='bbox 1511 1018 1752 1061; x_wconf 58' lang='lat' dir='ltr'>Romanus</span> <span class='ocrx_word' id='word_1_82' title='bbox 1769 1017 1954 1074; x_wconf 86' lang='lat' dir='ltr'>armiger</span> <span class='ocrx_word' id='word_1_83' title='bbox 1974 1016 2003 1059; x_wconf 82' lang='lat' dir='ltr'>J</span> <span class='ocrx_word' id='word_1_84' title='bbox 2006 1030 2174 1058; x_wconf 82' lang='lat' dir='ltr'>ORDANl</span> 
     </span>
     <span class='ocr_line' id='line_1_9' title="bbox 228 1112 380 1156; baseline -0.007 0"><span class='ocrx_word' id='word_1_85' title='bbox 228 1112 380 1156; x_wconf 86' lang='lat' dir='ltr'>clerici.</span> 
     </span>
    </p>

    <p class='ocr_par' dir='ltr' id='par_1_4' title="bbox 286 1201 1464 1260">
     <span class='ocr_line' id='line_1_10' title="bbox 286 1201 1464 1260; baseline -0.004 -14"><span class='ocrx_word' id='word_1_86' title='bbox 286 1204 396 1246; x_wconf 84' lang='lat' dir='ltr'>Fine</span> <span class='ocrx_word' id='word_1_87' title='bbox 416 1203 535 1260; x_wconf 86' lang='lat' dir='ltr'>large</span> <span class='ocrx_word' id='word_1_88' title='bbox 555 1204 694 1246; x_wconf 87' lang='lat' dir='ltr'>round</span> <span class='ocrx_word' id='word_1_89' title='bbox 715 1203 815 1255; x_wconf 78' lang='lat' dir='ltr'>scal,</span> <span class='ocrx_word' id='word_1_90' title='bbox 837 1202 912 1245; x_wconf 87' lang='lat' dir='ltr'>red</span> <span class='ocrx_word' id='word_1_91' title='bbox 934 1217 1028 1244; x_wconf 82' lang='lat' dir='ltr'>wax</span> <span class='ocrx_word' id='word_1_92' title='bbox 1047 1217 1056 1243; x_wconf 74' lang='grc' dir='ltr'>ε</span> <span class='ocrx_word' id='word_1_93' title='bbox 1080 1216 1105 1243; x_wconf 86' lang='lat' dir='ltr'>a</span> <span class='ocrx_word' id='word_1_94' title='bbox 1125 1201 1213 1243; x_wconf 89' lang='lat' dir='ltr'>lion</span> <span class='ocrx_word' id='word_1_95' title='bbox 1235 1202 1464 1242; x_wconf 76' lang='lat' dir='ltr'>oontourne&#39;.</span> 
     </span>
    </p>

    <p class='ocr_par' dir='ltr' id='par_1_5' title="bbox 284 1290 2176 1441">
     <span class='ocr_line' id='line_1_11' title="bbox 791 1290 1598 1341; baseline -0.002 -6"><span class='ocrx_word' id='word_1_96' title='bbox 791 1297 800 1316; x_wconf 92' lang='lat'>‘</span> <span class='ocrx_word' id='word_1_97' title='bbox 825 1300 867 1341; x_wconf 80' lang='grc'>-1-</span> <span class='ocrx_word' id='word_1_98' title='bbox 906 1307 1121 1335; x_wconf 85' lang='lat' dir='ltr'><strong>SIGILLUM</strong></span> <span class='ocrx_word' id='word_1_99' title='bbox 1145 1325 1154 1333; x_wconf 84' lang='lat'><strong>.</strong></span> <span class='ocrx_word' id='word_1_100' title='bbox 1179 1306 1345 1334; x_wconf 75' lang='lat' dir='ltr'>Rocnm</span> <span class='ocrx_word' id='word_1_101' title='bbox 1369 1326 1377 1334; x_wconf 92' lang='lat'><strong><em>.</em></strong></span> <span class='ocrx_word' id='word_1_102' title='bbox 1402 1290 1598 1333; x_wconf 80' lang='lat' dir='ltr'>sTURM1.&#39;</span> 
     </span>
     <span class='ocr_line' id='line_1_12' title="bbox 284 1382 2176 1441; baseline -0.003 -13"><span class='ocrx_word' id='word_1_103' title='bbox 284 1385 578 1428; x_wconf 85' lang='lat' dir='ltr'>Endorsed—-‘</span> <span class='ocrx_word' id='word_1_104' title='bbox 602 1384 730 1427; x_wconf 83' lang='lat' dir='ltr'>Carta</span> <span class='ocrx_word' id='word_1_105' title='bbox 761 1383 923 1441; x_wconf 84' lang='lat' dir='ltr'>Rogeri</span> <span class='ocrx_word' id='word_1_106' title='bbox 957 1382 1120 1426; x_wconf 83' lang='lat' dir='ltr'>Sturmi</span> <span class='ocrx_word' id='word_1_107' title='bbox 1163 1386 1204 1425; x_wconf 89' lang='lat' dir='ltr'>et</span> <span class='ocrx_word' id='word_1_108' title='bbox 1245 1382 1329 1426; x_wconf 80' lang='lat' dir='ltr'>Gu.</span> <span class='ocrx_word' id='word_1_109' title='bbox 1372 1398 1478 1425; x_wconf 78' lang='lat' dir='ltr'>uxor</span> <span class='ocrx_word' id='word_1_110' title='bbox 1519 1417 1527 1424; x_wconf 89' lang='lat'><em>.</em></span> <span class='ocrx_word' id='word_1_111' title='bbox 1572 1383 1625 1425; x_wconf 91' lang='lat' dir='ltr'>de</span> <span class='ocrx_word' id='word_1_112' title='bbox 1665 1386 1777 1424; x_wconf 86' lang='lat' dir='ltr'>terra</span> <span class='ocrx_word' id='word_1_113' title='bbox 1813 1396 1888 1424; x_wconf 87' lang='lat' dir='ltr'>sua</span> <span class='ocrx_word' id='word_1_114' title='bbox 1919 1385 2010 1424; x_wconf 87' lang='lat' dir='ltr'>tota</span> <span class='ocrx_word' id='word_1_115' title='bbox 2045 1396 2176 1437; x_wconf 88' lang='lat' dir='ltr'>quam</span> 
     </span>
    </p>
   </div>
   <div class='ocr_carea' id='block_1_3' title="bbox 226 1474 771 1532">
    <p class='ocr_par' dir='ltr' id='par_1_6' title="bbox 226 1474 771 1532">
     <span class='ocr_line' id='line_1_13' title="bbox 226 1474 771 1532; baseline -0.007 -12"><span class='ocrx_word' id='word_1_116' title='bbox 226 1476 431 1520; x_wconf 89' lang='lat' dir='ltr'>habemus</span> <span class='ocrx_word' id='word_1_117' title='bbox 455 1509 465 1519; x_wconf 85' lang='lat'><strong>.</strong></span> <span class='ocrx_word' id='word_1_118' title='bbox 487 1476 533 1518; x_wconf 91' lang='lat' dir='ltr'>in</span> <span class='ocrx_word' id='word_1_119' title='bbox 555 1474 771 1532; x_wconf 86' lang='lat' dir='ltr'>Margan.&#39;</span> 
     </span>
    </p>
   </div>
   <div class='ocr_carea' id='block_1_4' title="bbox 1104 1698 1297 1741">
    <p class='ocr_par' dir='ltr' id='par_1_7' title="bbox 1104 1698 1297 1741">
     <span class='ocr_line' id='line_1_14' title="bbox 1104 1698 1297 1741; baseline 0 -1"><span class='ocrx_word' id='word_1_120' title='bbox 1104 1698 1297 1741; x_wconf 81' lang='lat' dir='ltr'><strong>MDOX.</strong></span> 
     </span>
    </p>
   </div>
   <div class='ocr_carea' id='block_1_5' title="bbox 225 1804 2173 1940">
    <p class='ocr_par' dir='ltr' id='par_1_8' title="bbox 225 1804 2173 1940">
     <span class='ocr_line' id='line_1_15' title="bbox 225 1804 2173 1857; baseline -0.002 -5"><span class='ocrx_word' id='word_1_121' title='bbox 225 1809 492 1852; x_wconf 80' lang='lat' dir='ltr'><strong>SIMILAR</strong></span> <span class='ocrx_word' id='word_1_122' title='bbox 552 1807 767 1851; x_wconf 77' lang='lat' dir='ltr'><strong>GRANT</strong></span> <span class='ocrx_word' id='word_1_123' title='bbox 828 1806 903 1850; x_wconf 88' lang='grc' dir='ltr'>ΤΟ</span> <span class='ocrx_word' id='word_1_124' title='bbox 955 1805 1085 1848; x_wconf 74' lang='lat' dir='ltr'>THE</span> <span class='ocrx_word' id='word_1_125' title='bbox 1138 1804 1517 1857; x_wconf 76' lang='lat' dir='ltr'>FOREGOING,</span> <span class='ocrx_word' id='word_1_126' title='bbox 1580 1804 1756 1848; x_wconf 82' lang='lat' dir='ltr'>WITH</span> <span class='ocrx_word' id='word_1_127' title='bbox 1815 1804 2173 1848; x_wconf 78' lang='lat' dir='ltr'><strong>VARIATION</strong></span> 
     </span>
     <span class='ocr_line' id='line_1_16' title="bbox 895 1895 1507 1940; baseline -0.005 0"><span class='ocrx_word' id='word_1_128' title='bbox 895 1897 966 1940; x_wconf 88' lang='lat' dir='ltr'>IN</span> <span class='ocrx_word' id='word_1_129' title='bbox 1012 1896 1176 1940; x_wconf 79' lang='lat' dir='ltr'>SOME</span> <span class='ocrx_word' id='word_1_130' title='bbox 1226 1895 1507 1938; x_wconf 81' lang='lat' dir='ltr'><strong>DETAILS.</strong></span> 
     </span>
    </p>
   </div>
   <div class='ocr_carea' id='block_1_6' title="bbox 941 2002 1462 2061">
    <p class='ocr_par' dir='ltr' id='par_1_9' title="bbox 941 2002 1462 2061">
     <span class='ocr_line' id='line_1_17' title="bbox 941 2002 1462 2061; baseline -0.004 -15"><span class='ocrx_word' id='word_1_131' title='bbox 941 2004 1173 2061; x_wconf 78' lang='lat' dir='ltr'>[MARGAM</span> <span class='ocrx_word' id='word_1_132' title='bbox 1205 2002 1462 2059; x_wconf 62' lang='lat' dir='ltr'>CHARTER]</span> 
     </span>
    </p>
   </div>
   <div class='ocr_carea' id='block_1_7' title="bbox 227 2108 2185 2987">
    <p class='ocr_par' dir='ltr' id='par_1_10' title="bbox 227 2108 2185 2987">
     <span class='ocr_line' id='line_1_18' title="bbox 286 2108 2180 2169; baseline -0.004 -11"><span class='ocrx_word' id='word_1_133' title='bbox 286 2116 433 2158; x_wconf 79' lang='lat' dir='ltr'>Sciant</span> <span class='ocrx_word' id='word_1_134' title='bbox 454 2115 613 2157; x_wconf 80' lang='lat' dir='ltr'>omnes¹</span> <span class='ocrx_word' id='word_1_135' title='bbox 633 2118 723 2156; x_wconf 88' lang='lat' dir='ltr'>tam</span> <span class='ocrx_word' id='word_1_136' title='bbox 744 2117 958 2169; x_wconf 75' lang='lat' dir='ltr'>presentes</span> <span class='ocrx_word' id='word_1_137' title='bbox 979 2128 1108 2169; x_wconf 88' lang='lat' dir='ltr'>quam</span> <span class='ocrx_word' id='word_1_138' title='bbox 1128 2112 1267 2154; x_wconf 79' lang='lat' dir='ltr'>futuri</span> <span class='ocrx_word' id='word_1_139' title='bbox 1289 2112 1402 2167; x_wconf 91' lang='lat' dir='ltr'>quod</span> <span class='ocrx_word' id='word_1_140' title='bbox 1433 2125 1511 2167; x_wconf 89' lang='lat' dir='ltr'>ego</span> <span class='ocrx_word' id='word_1_141' title='bbox 1544 2110 1757 2153; x_wconf 56' lang='lat' dir='ltr'>Romanus</span> <span class='ocrx_word' id='word_1_142' title='bbox 1789 2109 1966 2151; x_wconf 77' lang='lat' dir='ltr'>STURMI</span> <span class='ocrx_word' id='word_1_143' title='bbox 1999 2108 2180 2151; x_wconf 88' lang='lat' dir='ltr'>concessi</span> 
     </span>
     <span class='ocr_line' id='line_1_19' title="bbox 230 2199 2181 2256; baseline -0.005 -6"><span class='ocrx_word' id='word_1_144' title='bbox 230 2207 375 2250; x_wconf 88' lang='lat' dir='ltr'>abbati</span> <span class='ocrx_word' id='word_1_145' title='bbox 396 2211 438 2249; x_wconf 90' lang='lat' dir='ltr'>et</span> <span class='ocrx_word' id='word_1_146' title='bbox 458 2205 675 2248; x_wconf 88' lang='lat' dir='ltr'>monachis</span> <span class='ocrx_word' id='word_1_147' title='bbox 696 2221 726 2247; x_wconf 88' lang='lat' dir='ltr'>s.</span> <span class='ocrx_word' id='word_1_148' title='bbox 750 2205 811 2247; x_wconf 87' lang='lat' dir='ltr'>M.</span> <span class='ocrx_word' id='word_1_149' title='bbox 836 2206 887 2247; x_wconf 92' lang='lat' dir='ltr'>de</span> <span class='ocrx_word' id='word_1_150' title='bbox 909 2204 1131 2246; x_wconf 75' lang='lat' dir='ltr'><strong>MARGAN²</strong></span> <span class='ocrx_word' id='word_1_151' title='bbox 1150 2207 1286 2246; x_wconf 87' lang='lat' dir='ltr'>totam</span> <span class='ocrx_word' id='word_1_152' title='bbox 1307 2207 1463 2245; x_wconf 86' lang='lat' dir='ltr'>terram</span> <span class='ocrx_word' id='word_1_153' title='bbox 1494 2215 1622 2256; x_wconf 87' lang='lat' dir='ltr'>quam</span> <span class='ocrx_word' id='word_1_154' title='bbox 1650 2199 1810 2242; x_wconf 86' lang='lat' dir='ltr'>habent</span> <span class='ocrx_word' id='word_1_155' title='bbox 1832 2215 1884 2241; x_wconf 83' lang='lat' dir='ltr'>ex</span> <span class='ocrx_word' id='word_1_156' title='bbox 1915 2200 2026 2242; x_wconf 88' lang='lat' dir='ltr'>dono</span> <span class='ocrx_word' id='word_1_157' title='bbox 2048 2199 2181 2255; x_wconf 85' lang='lat' dir='ltr'>patris</span> 
     </span>
     <span class='ocr_line' id='line_1_20' title="bbox 227 2290 2181 2351; baseline -0.005 -11"><span class='ocrx_word' id='word_1_158' title='bbox 227 2299 313 2340; x_wconf 92' lang='lat' dir='ltr'>mei</span> <span class='ocrx_word' id='word_1_159' title='bbox 334 2298 442 2340; x_wconf 87' lang='lat' dir='ltr'>sicut</span> <span class='ocrx_word' id='word_1_160' title='bbox 462 2301 574 2339; x_wconf 86' lang='lat' dir='ltr'>carte</span> <span class='ocrx_word' id='word_1_161' title='bbox 595 2310 741 2338; x_wconf 85' lang='lat' dir='ltr'>eorum</span> <span class='ocrx_word' id='word_1_162' title='bbox 761 2298 974 2337; x_wconf 73' lang='lat' dir='ltr'>testantur</span> <span class='ocrx_word' id='word_1_163' title='bbox 995 2310 1099 2351; x_wconf 88' lang='lat' dir='ltr'>quas</span> <span class='ocrx_word' id='word_1_164' title='bbox 1120 2295 1278 2337; x_wconf 86' lang='lat' dir='ltr'>habent</span> <span class='ocrx_word' id='word_1_165' title='bbox 1301 2295 1352 2336; x_wconf 90' lang='lat' dir='ltr'>de</span> <span class='ocrx_word' id='word_1_166' title='bbox 1383 2297 1503 2349; x_wconf 89' lang='lat' dir='ltr'>patre</span> <span class='ocrx_word' id='word_1_167' title='bbox 1533 2307 1627 2333; x_wconf 91' lang='lat' dir='ltr'>meo</span> <span class='ocrx_word' id='word_1_168' title='bbox 1659 2325 1667 2333; x_wconf 88' lang='lat'><strong><em>.</em></strong></span> <span class='ocrx_word' id='word_1_169' title='bbox 1699 2295 1741 2332; x_wconf 87' lang='lat' dir='ltr'>et</span> <span class='ocrx_word' id='word_1_170' title='bbox 1763 2292 1816 2333; x_wconf 90' lang='lat' dir='ltr'>de</span> <span class='ocrx_word' id='word_1_171' title='bbox 1836 2305 1917 2333; x_wconf 91' lang='lat' dir='ltr'>me.</span> <span class='ocrx_word' id='word_1_172' title='bbox 1982 2290 2181 2332; x_wconf 85' lang='lat' dir='ltr'>Preterea</span> 
     </span>
     <span class='ocr_line' id='line_1_21' title="bbox 231 2381 2181 2441; baseline -0.004 -10"><span class='ocrx_word' id='word_1_173' title='bbox 231 2389 411 2432; x_wconf 86' lang='lat' dir='ltr'>concedo</span> <span class='ocrx_word' id='word_1_174' title='bbox 442 2387 517 2429; x_wconf 79' lang='lat' dir='ltr'>eis³</span> <span class='ocrx_word' id='word_1_175' title='bbox 535 2390 670 2429; x_wconf 86' lang='lat' dir='ltr'>totam</span> <span class='ocrx_word' id='word_1_176' title='bbox 700 2386 909 2441; x_wconf 85' lang='lat' dir='ltr'>reliquam</span> <span class='ocrx_word' id='word_1_177' title='bbox 939 2389 1104 2441; x_wconf 86' lang='lat' dir='ltr'>partem</span> <span class='ocrx_word' id='word_1_178' title='bbox 1136 2389 1245 2427; x_wconf 85' lang='lat' dir='ltr'>terre</span> <span class='ocrx_word' id='word_1_179' title='bbox 1277 2385 1322 2426; x_wconf 89' lang='lat' dir='ltr'>in</span> <span class='ocrx_word' id='word_1_180' title='bbox 1353 2384 1392 2426; x_wconf 93' lang='lat' dir='ltr'>b.</span> <span class='ocrx_word' id='word_1_181' title='bbox 1417 2388 1458 2425; x_wconf 89' lang='lat' dir='ltr'>et</span> <span class='ocrx_word' id='word_1_182' title='bbox 1479 2398 1520 2438; x_wconf 87' lang='lat' dir='ltr'>p.</span> <span class='ocrx_word' id='word_1_183' title='bbox 1544 2382 1589 2423; x_wconf 91' lang='lat' dir='ltr'>in</span> <span class='ocrx_word' id='word_1_184' title='bbox 1611 2382 1742 2437; x_wconf 87' lang='lat' dir='ltr'>pratis</span> <span class='ocrx_word' id='word_1_185' title='bbox 1764 2385 1806 2423; x_wconf 88' lang='lat' dir='ltr'>et</span> <span class='ocrx_word' id='word_1_186' title='bbox 1827 2381 1993 2437; x_wconf 86' lang='lat' dir='ltr'>pascuis</span> <span class='ocrx_word' id='word_1_187' title='bbox 2013 2381 2058 2423; x_wconf 91' lang='lat' dir='ltr'>in</span> <span class='ocrx_word' id='word_1_188' title='bbox 2080 2396 2116 2423; x_wconf 86' lang='lat' dir='ltr'>a.</span> <span class='ocrx_word' id='word_1_189' title='bbox 2139 2385 2181 2423; x_wconf 89' lang='lat' dir='ltr'>et</span> 
     </span>
     <span class='ocr_line' id='line_1_22' title="bbox 231 2471 2182 2535; baseline -0.004 -14"><span class='ocrx_word' id='word_1_190' title='bbox 231 2495 288 2522; x_wconf 91' lang='lat' dir='ltr'>m.</span> <span class='ocrx_word' id='word_1_191' title='bbox 312 2494 440 2535; x_wconf 88' lang='lat' dir='ltr'>quam</span> <span class='ocrx_word' id='word_1_192' title='bbox 460 2478 601 2520; x_wconf 89' lang='lat' dir='ltr'>tenuit</span> <span class='ocrx_word' id='word_1_193' title='bbox 621 2484 741 2532; x_wconf 82' lang='lat' dir='ltr'>pater</span> <span class='ocrx_word' id='word_1_194' title='bbox 762 2491 879 2518; x_wconf 89' lang='lat' dir='ltr'>meus</span> <span class='ocrx_word' id='word_1_195' title='bbox 901 2477 952 2519; x_wconf 92' lang='lat' dir='ltr'>de</span> <span class='ocrx_word' id='word_1_196' title='bbox 974 2476 1103 2518; x_wconf 79' lang='lat' dir='ltr'>feudo</span> <span class='ocrx_word' id='word_1_197' title='bbox 1125 2476 1290 2518; x_wconf 87' lang='lat' dir='ltr'>comitis</span> <span class='ocrx_word' id='word_1_198' title='bbox 1323 2474 1630 2517; x_wconf 80' lang='lat' dir='ltr'>GLOECESTRIE</span> <span class='ocrx_word' id='word_1_199' title='bbox 1663 2472 1707 2513; x_wconf 86' lang='lat' dir='ltr'>in</span> <span class='ocrx_word' id='word_1_200' title='bbox 1739 2471 1943 2513; x_wconf 81' lang='lat' dir='ltr'>MARGAN</span> <span class='ocrx_word' id='word_1_201' title='bbox 1977 2505 1985 2514; x_wconf 93' lang='lat'><strong><em>.</em></strong></span> <span class='ocrx_word' id='word_1_202' title='bbox 2019 2472 2087 2514; x_wconf 86' lang='lat' dir='ltr'>vel</span> <span class='ocrx_word' id='word_1_203' title='bbox 2102 2486 2182 2528; x_wconf 87' lang='lat' dir='ltr'>ego</span> 
     </span>
     <span class='ocr_line' id='line_1_23' title="bbox 233 2562 2182 2628; baseline -0.005 -16"><span class='ocrx_word' id='word_1_204' title='bbox 233 2576 328 2628; x_wconf 84' lang='lat' dir='ltr'>post</span> <span class='ocrx_word' id='word_1_205' title='bbox 362 2571 503 2625; x_wconf 87' lang='lat' dir='ltr'>ipsum</span> <span class='ocrx_word' id='word_1_206' title='bbox 535 2603 544 2611; x_wconf 90' lang='lat'><strong>.</strong></span> <span class='ocrx_word' id='word_1_207' title='bbox 581 2569 811 2610; x_wconf 85' lang='lat' dir='ltr'>tenendam</span> <span class='ocrx_word' id='word_1_208' title='bbox 847 2569 899 2610; x_wconf 87' lang='lat' dir='ltr'>de</span> <span class='ocrx_word' id='word_1_209' title='bbox 935 2583 1002 2610; x_wconf 90' lang='lat' dir='ltr'>me</span> <span class='ocrx_word' id='word_1_210' title='bbox 1037 2573 1079 2610; x_wconf 87' lang='lat' dir='ltr'>et</span> <span class='ocrx_word' id='word_1_211' title='bbox 1115 2567 1156 2609; x_wconf 88' lang='lat' dir='ltr'>h.</span> <span class='ocrx_word' id='word_1_212' title='bbox 1194 2582 1250 2608; x_wconf 93' lang='lat' dir='ltr'>m.</span> <span class='ocrx_word' id='word_1_213' title='bbox 1289 2566 1329 2608; x_wconf 91' lang='lat' dir='ltr'>b.</span> <span class='ocrx_word' id='word_1_214' title='bbox 1367 2568 1410 2607; x_wconf 88' lang='lat' dir='ltr'>et</span> <span class='ocrx_word' id='word_1_215' title='bbox 1443 2565 1489 2606; x_wconf 90' lang='lat' dir='ltr'>in</span> <span class='ocrx_word' id='word_1_216' title='bbox 1525 2578 1565 2619; x_wconf 91' lang='lat' dir='ltr'>p.</span> <span class='ocrx_word' id='word_1_217' title='bbox 1600 2562 1758 2618; x_wconf 83' lang='lat' dir='ltr'>absque</span> <span class='ocrx_word' id='word_1_218' title='bbox 1791 2562 1908 2604; x_wconf 87' lang='lat' dir='ltr'>omm&#39;</span> <span class='ocrx_word' id='word_1_219' title='bbox 1939 2562 2109 2604; x_wconf 86' lang='lat' dir='ltr'>servitio</span> <span class='ocrx_word' id='word_1_220' title='bbox 2140 2565 2182 2604; x_wconf 89' lang='lat' dir='ltr'>et</span> 
     </span>
     <span class='ocr_line' id='line_1_24' title="bbox 235 2652 2185 2714; baseline -0.005 -11"><span class='ocrx_word' id='word_1_221' title='bbox 235 2661 411 2704; x_wconf 86' lang='lat' dir='ltr'>seculari</span> <span class='ocrx_word' id='word_1_222' title='bbox 441 2661 658 2702; x_wconf 83' lang='lat' dir='ltr'>exactione</span> <span class='ocrx_word' id='word_1_223' title='bbox 681 2693 690 2701; x_wconf 90' lang='lat'>.</span> <span class='ocrx_word' id='word_1_224' title='bbox 714 2659 796 2700; x_wconf 86' lang='lat' dir='ltr'>nisi</span> <span class='ocrx_word' id='word_1_225' title='bbox 827 2659 940 2714; x_wconf 91' lang='lat' dir='ltr'>quod</span> <span class='ocrx_word' id='word_1_226' title='bbox 972 2658 1101 2700; x_wconf 87' lang='lat' dir='ltr'>abbas</span> <span class='ocrx_word' id='word_1_227' title='bbox 1132 2661 1174 2699; x_wconf 90' lang='lat' dir='ltr'>et</span> <span class='ocrx_word' id='word_1_228' title='bbox 1204 2656 1401 2699; x_wconf 87' lang='lat' dir='ltr'>monachi</span> <span class='ocrx_word' id='word_1_229' title='bbox 1431 2654 1596 2697; x_wconf 86' lang='lat' dir='ltr'>dabunt</span> <span class='ocrx_word' id='word_1_230' title='bbox 1624 2653 1754 2695; x_wconf 79' lang='lat' dir='ltr'>michi</span> <span class='ocrx_word' id='word_1_231' title='bbox 1775 2656 1817 2695; x_wconf 88' lang='lat' dir='ltr'>et</span> <span class='ocrx_word' id='word_1_232' title='bbox 1847 2652 1889 2694; x_wconf 89' lang='lat' dir='ltr'>h.</span> <span class='ocrx_word' id='word_1_233' title='bbox 1924 2668 1980 2695; x_wconf 90' lang='lat' dir='ltr'>m.</span> <span class='ocrx_word' id='word_1_234' title='bbox 2004 2659 2098 2708; x_wconf 91' lang='lat' dir='ltr'>post</span> <span class='ocrx_word' id='word_1_235' title='bbox 2117 2667 2185 2695; x_wconf 88' lang='lat' dir='ltr'>me</span> 
     </span>
     <span class='ocr_line' id='line_1_25' title="bbox 235 2743 2184 2805; baseline -0.006 -11"><span class='ocrx_word' id='word_1_236' title='bbox 235 2753 457 2801; x_wconf 82' lang='lat' dir='ltr'>dimidiam</span> <span class='ocrx_word' id='word_1_237' title='bbox 477 2765 662 2792; x_wconf 85' lang='lat' dir='ltr'>marcam</span> <span class='ocrx_word' id='word_1_238' title='bbox 684 2750 853 2805; x_wconf 85' lang='lat' dir='ltr'>argenti</span> <span class='ocrx_word' id='word_1_239' title='bbox 882 2749 1105 2791; x_wconf 88' lang='lat' dir='ltr'>annuatim</span> <span class='ocrx_word' id='word_1_240' title='bbox 1130 2783 1138 2790; x_wconf 90' lang='lat'><strong><em>.</em></strong></span> <span class='ocrx_word' id='word_1_241' title='bbox 1162 2751 1205 2790; x_wconf 85' lang='lat' dir='ltr'>et</span> <span class='ocrx_word' id='word_1_242' title='bbox 1226 2763 1305 2803; x_wconf 86' lang='lat' dir='ltr'>ego</span> <span class='ocrx_word' id='word_1_243' title='bbox 1326 2747 1393 2789; x_wconf 89' lang='lat' dir='ltr'>vel</span> <span class='ocrx_word' id='word_1_244' title='bbox 1423 2746 1464 2788; x_wconf 89' lang='lat' dir='ltr'>h.</span> <span class='ocrx_word' id='word_1_245' title='bbox 1496 2760 1552 2787; x_wconf 92' lang='lat' dir='ltr'>m.</span> <span class='ocrx_word' id='word_1_246' title='bbox 1586 2744 1790 2786; x_wconf 80' lang='lat' dir='ltr'>faciemus</span> <span class='ocrx_word' id='word_1_247' title='bbox 1821 2743 2040 2785; x_wconf 84' lang='lat' dir='ltr'>servitium</span> <span class='ocrx_word' id='word_1_248' title='bbox 2060 2757 2184 2785; x_wconf 88' lang='lat' dir='ltr'>omne</span> 
     </span>
     <span class='ocr_line' id='line_1_26' title="bbox 237 2834 2182 2899; baseline -0.005 -14"><span class='ocrx_word' id='word_1_249' title='bbox 237 2845 351 2899; x_wconf 84' lang='lat' dir='ltr'>quod</span> <span class='ocrx_word' id='word_1_250' title='bbox 381 2842 505 2884; x_wconf 90' lang='lat' dir='ltr'>debet</span> <span class='ocrx_word' id='word_1_251' title='bbox 536 2841 627 2883; x_wconf 87' lang='lat' dir='ltr'>fieri</span> <span class='ocrx_word' id='word_1_252' title='bbox 658 2841 710 2882; x_wconf 89' lang='lat' dir='ltr'>de</span> <span class='ocrx_word' id='word_1_253' title='bbox 741 2840 816 2882; x_wconf 88' lang='lat' dir='ltr'>illa</span> <span class='ocrx_word' id='word_1_254' title='bbox 855 2843 968 2882; x_wconf 88' lang='lat' dir='ltr'>terra</span> <span class='ocrx_word' id='word_1_255' title='bbox 1001 2874 1009 2882; x_wconf 88' lang='lat'><strong>.</strong></span> <span class='ocrx_word' id='word_1_256' title='bbox 1042 2843 1085 2881; x_wconf 86' lang='lat' dir='ltr'>et</span> <span class='ocrx_word' id='word_1_257' title='bbox 1126 2839 1393 2881; x_wconf 79' lang='lat' dir='ltr'>GAUFRIDUS</span> <span class='ocrx_word' id='word_1_258' title='bbox 1428 2837 1561 2878; x_wconf 79' lang='lat' dir='ltr'>frater</span> <span class='ocrx_word' id='word_1_259' title='bbox 1601 2849 1720 2877; x_wconf 88' lang='lat' dir='ltr'>meus</span> <span class='ocrx_word' id='word_1_260' title='bbox 1759 2834 1869 2876; x_wconf 88' lang='lat' dir='ltr'>hanc</span> <span class='ocrx_word' id='word_1_261' title='bbox 1909 2834 2182 2876; x_wconf 85' lang='lat' dir='ltr'>donationem</span> 
     </span>
     <span class='ocr_line' id='line_1_27' title="bbox 236 2924 2182 2987; baseline -0.006 -10"><span class='ocrx_word' id='word_1_262' title='bbox 236 2933 449 2978; x_wconf 88' lang='lat' dir='ltr'>concessit.</span> <span class='ocrx_word' id='word_1_263' title='bbox 512 2932 639 2978; x_wconf 75' lang='lat' dir='ltr'>Quod</span> <span class='ocrx_word' id='word_1_264' title='bbox 662 2932 697 2974; x_wconf 85' lang='lat' dir='ltr'>si</span> <span class='ocrx_word' id='word_1_265' title='bbox 718 2946 798 2987; x_wconf 82' lang='lat' dir='ltr'>ego</span> <span class='ocrx_word' id='word_1_266' title='bbox 818 2932 885 2973; x_wconf 85' lang='lat' dir='ltr'>vel</span> <span class='ocrx_word' id='word_1_267' title='bbox 906 2931 947 2972; x_wconf 87' lang='lat' dir='ltr'>h.</span> <span class='ocrx_word' id='word_1_268' title='bbox 973 2946 1027 2972; x_wconf 87' lang='lat' dir='ltr'>m.</span> <span class='ocrx_word' id='word_1_269' title='bbox 1051 2929 1329 2972; x_wconf 80' lang='lat' dir='ltr'>defecerimus</span> <span class='ocrx_word' id='word_1_270' title='bbox 1350 2929 1402 2970; x_wconf 90' lang='lat' dir='ltr'>de</span> <span class='ocrx_word' id='word_1_271' title='bbox 1423 2927 1610 2978; x_wconf 81' lang='lat' dir='ltr'>servitio,</span> <span class='ocrx_word' id='word_1_272' title='bbox 1633 2925 1762 2968; x_wconf 87' lang='lat' dir='ltr'>abbas</span> <span class='ocrx_word' id='word_1_273' title='bbox 1792 2925 1859 2967; x_wconf 84' lang='lat' dir='ltr'>vel</span> <span class='ocrx_word' id='word_1_274' title='bbox 1880 2924 2076 2967; x_wconf 89' lang='lat' dir='ltr'>monachi</span> <span class='ocrx_word' id='word_1_275' title='bbox 2096 2939 2182 2966; x_wconf 89' lang='lat' dir='ltr'>non</span> 
     </span>
    </p>
   </div>
   <div class='ocr_carea' id='block_1_8' title="bbox 236 3016 2182 3074">
    <p class='ocr_par' dir='ltr' id='par_1_11' title="bbox 236 3016 2182 3074">
     <span class='ocr_line' id='line_1_28' title="bbox 236 3016 2182 3074; baseline -0.005 -7"><span class='ocrx_word' id='word_1_276' title='bbox 236 3025 395 3067; x_wconf 79' lang='lat' dir='ltr'>facient</span> <span class='ocrx_word' id='word_1_277' title='bbox 416 3023 634 3066; x_wconf 84' lang='lat' dir='ltr'>servitium</span> <span class='ocrx_word' id='word_1_278' title='bbox 658 3056 665 3064; x_wconf 92' lang='lat'><strong>.</strong></span> <span class='ocrx_word' id='word_1_279' title='bbox 691 3030 751 3064; x_wconf 84' lang='lat' dir='ltr'>set.</span> <span class='ocrx_word' id='word_1_280' title='bbox 774 3023 825 3064; x_wconf 88' lang='lat' dir='ltr'>de</span> <span class='ocrx_word' id='word_1_281' title='bbox 846 3022 922 3064; x_wconf 85' lang='lat' dir='ltr'>illa</span> <span class='ocrx_word' id='word_1_282' title='bbox 944 3021 1121 3063; x_wconf 85' lang='lat' dir='ltr'>dimidia</span> <span class='ocrx_word' id='word_1_283' title='bbox 1143 3020 1302 3062; x_wconf 78' lang='lat' dir='ltr'>marca4</span> <span class='ocrx_word' id='word_1_284' title='bbox 1320 3033 1448 3074; x_wconf 89' lang='lat' dir='ltr'>quam</span> <span class='ocrx_word' id='word_1_285' title='bbox 1479 3017 1635 3061; x_wconf 87' lang='lat' dir='ltr'>debent</span> <span class='ocrx_word' id='word_1_286' title='bbox 1665 3016 1794 3059; x_wconf 85' lang='lat' dir='ltr'>michi</span> <span class='ocrx_word' id='word_1_287' title='bbox 1825 3017 1925 3058; x_wconf 87' lang='lat' dir='ltr'>dare</span> <span class='ocrx_word' id='word_1_288' title='bbox 1955 3030 2031 3071; x_wconf 88' lang='lat' dir='ltr'>pro</span> <span class='ocrx_word' id='word_1_289' title='bbox 2060 3016 2182 3057; x_wconf 87' lang='lat' dir='ltr'>firma</span> 
     </span>
    </p>
   </div>
  </div>
 </body>
</html>
