2425 3423
319 266 432 308 2272

1155 866 1332 910 MDLI.

270 976 727 1021 NOTIFICATION
788 976 875 1019 BY
938 974 1245 1025 WILLIAM,
1302 972 1474 1016 EARL
1528 971 1606 1015 OF
1663 968 2085 1022 GLOUOESTER,
2142 969 2221 1012 OF

414 1067 522 1111 HIS
576 1066 792 1110 GRANT
848 1066 923 1109 TO
983 1065 1175 1108 HUGH
1231 1064 1317 1108 DE
1374 1061 1739 1113 HEREFORD‚
1794 1061 1873 1104 OF
1924 1059 2100 1103 LAND
2150 1059 2222 1102 IN

416 1157 779 1212 KENEFECH,
837 1157 921 1200 ΟΝ
978 1155 1325 1199 CONDITION
1379 1154 1457 1197 OF
1514 1152 1781 1196 SERVIOE
1837 1151 1909 1195 IN
1965 1151 2091 1194 ONE
2143 1150 2222 1194 OF

416 1250 526 1294 HIS
567 1248 834 1293 CASTLES
876 1247 999 1291 FOR
1039 1246 1249 1290 FORTY
1288 1245 1467 1288 DAYS.

992 1354 1223 1412 [MARGAM
1256 1353 1510 1409 CHARTER]

1785 1444 1903 1486 12ΤΗ
1936 1443 2164 1486 CENTURY.

333 1556 620 1600 WILLELMUS
651 1570 788 1598 comes
821 1554 1128 1597 GLoECESTmE
1161 1588 1168 1596 .
1203 1553 1438 1596 vicecomiti
1467 1568 1542 1595 suo
1578 1586 1586 1595 .
1619 1554 1662 1595 et
1693 1551 1890 1594 omnibus
1921 1551 2150 1594 baronibus
2185 1553 2228 1594 et

274 1646 519 1691 hominibus
540 1647 627 1690 suis
651 1681 658 1688 .
684 1645 1005 1698 WALENsmUs,
1029 1645 1223 1688 salutem.

332 1738 483 1781 Sciatis
512 1753 580 1781 me
616 1736 825 1795 [dedisse]
861 1737 1053 1780 Hneom
1083 1738 1135 1779 de
1164 1736 1423 1778 HEREFORD
1457 1770 1464 1777 .
1498 1749 1533 1777 e.
1557 1749 1673 1777 acras
1708 1739 1818 1777 terre
1847 1734 1893 1776 in
1925 1733 2147 1790 parrochia
2176 1734 2229 1776 de

277 1830 533 1872 KENEFECH
557 1862 565 1871 .
589 1844 665 1885 pro
687 1843 761 1871 suo
788 1828 957 1870 servitio
979 1827 1189 1870 existendi
1225 1827 1270 1869 in
1302 1841 1388 1869 uno
1416 1841 1606 1869 meorum
1635 1825 1918 1868 Castellorum
1948 1840 2023 1880 per
2047 1825 2229 1880 quadra-

278 1921 401 1978 ginta
421 1920 511 1963 dics
534 1954 542 1962 .
566 1923 608 1962 ct
628 1920 725 1963 volo
746 1922 789 1962 et
809 1919 995 1975 precipio
1017 1920 1130 1974 quod
1150 1919 1239 1974 ipse
1268 1917 1400 1960 libore
1431 1922 1474 1959 et
1506 1917 1551 1959 in
1580 1916 1692 1959 bona
1725 1931 1826 1972 pace
1855 1916 1951 1958 illas
1981 1919 2125 1958 teneat
2154 1931 2230 1972 per

280 2013 359 2056 hoc
377 2011 609 2055 servitium.

337 2102 566 2146 Testibus.
595 2101 798 2144 HAMONE
820 2101 908 2144 filio
932 2100 1158 2144 GALFRIDI
1192 2098 1495 2142 constabularii
1523 2101 1565 2140 et
1595 2098 1854 2142 WILLELMO
1888 2098 1975 2140 filio
2002 2097 2231 2140 NICHOLAI

280 2193 515 2237 marescalli
547 2227 556 2236 .
586 2192 876 2236 GILLEBERTO
922 2193 973 2235 de
1007 2191 1332 2234 TURBERVILLA
1366 2224 1374 2232 .
1410 2189 1621 2232 ROBERTO
1651 2189 1739 2231 filio
1769 2189 1965 2231 Runfflm
2001 2223 2010 2231 .
2047 2188 2233 2232 Romano

284 2286 335 2328 de
393 2284 548 2327 Sancto
583 2283 754 2326 MAURO
790 2318 798 2326 .
837 2283 1041 2325 RmARDo
1077 2283 1164 2324 filio
1201 2281 1392 2324 HERVEI
1429 2314 1437 2323 .
1475 2279 1711 2322 GALFRIDO
1757 2278 1935 2322 STURMI
1974 2314 1981 2322 .
2022 2279 2236 2322 Hmmco

286 2376 469 2419 TUSARD
492 2409 500 2417 .
536 2374 826 2417 GILLEBERTO
848 2373 965 2417 ORoc
987 2407 996 2417 .
1022 2373 1219 2415 HERon
1241 2372 1402 2414 clerieo.

345 2466 441 2509 Seal
462 2467 547 2508 and
570 2465 832 2508 oountcrseal
853 2465 898 2508 of
918 2464 991 2507 the
1014 2464 1132 2516 Earl,
1153 2464 1299 2506 brown
1321 2478 1428 2514 wax,
1451 2461 1688 2518 imperfect.

347 2557 642 2600 Endorsed——‘
660 2557 788 2600 Carta
810 2556 1015 2613 Hugonis
1035 2557 1088 2598 de
1112 2553 1357 2597 Hereford.’
