2425 3423
310 240 423 281 2318

254 452 298 490 et
338 448 903 490 ABERCLEUDACHCUMKAC.
985 447 1184 491 Preterea
1224 450 1388 505 quitam
1424 451 1701 493 clamavimus
1740 451 1864 493 dictis
1903 451 2120 494 monachis
2152 451 2200 494 in

251 541 505 595 perpetuum
522 537 745 580 dimidiam
765 552 951 580 marcam
982 553 1109 593 quam
1139 540 1358 583 solvebant
1377 540 1499 583 nobis
1519 541 1744 583 annuatim
1765 556 1840 597 pro
1861 546 1982 597 prato
2013 543 2198 598 quodam

251 631 366 672 ultra
405 630 573 671 AUENE
604 663 611 670 .
643 631 685 671 et
712 629 884 684 insuper
922 630 1147 671 reddemus
1180 631 1305 673 dictis
1337 632 1552 674 monachis
1584 632 1764 689 singulis
1800 632 1923 674 annis
1955 633 2010 675 ad
2044 632 2202 675 festum

255 720 401 764 Sancti
437 719 695 762 MICHAELIS
725 734 801 761 nos
837 724 880 760 et
910 719 1084 762 heredes
1113 722 1248 763 nostri
1277 721 1322 763 in
1354 726 1608 778 perpetuum
1638 728 1730 765 octo
1761 723 1916 766 solidos
1945 726 1988 765 et
2018 727 2200 779 quatuor

256 811 451 854 denarios
488 845 496 853 .
533 814 575 853 et
608 811 643 853 si
682 811 793 853 forte
833 826 910 854 nos
948 812 1017 853 vel
1048 812 1222 854 heredes
1250 813 1383 854 nostri
1417 814 1560 869 aliquo
1588 817 1776 870 tempore
1808 813 2082 856 warantizare
2115 829 2203 857 non

253 918 475 960 possumus
505 903 667 945 dictum
697 906 870 958 pratum
901 903 1025 945 dictis
1053 903 1270 946 monachis
1300 908 1403 946 tunc
1434 905 1647 948 solvemus
1673 920 1750 948 nos
1780 906 1847 949 vel
1876 905 2051 948 heredes
2071 905 2204 948 nostri

251 996 419 1051 integre
460 1009 533 1036 xv,
569 995 723 1036 solidos
754 1028 763 1036 .
796 994 920 1036 dictis
950 994 1167 1036 monachis
1197 996 1251 1037 ad
1287 996 1578 1051 supradictum
1608 998 1839 1039 terminum
1871 1032 1878 1040 .
1912 997 1974 1040 ita
2004 996 2200 1039 videlicet

251 1088 366 1143 quod
387 1088 725 1143 quandocunque
746 1090 858 1129 terra
878 1086 1015 1128 divisa
1036 1087 1166 1129 fuerit
1186 1087 1297 1129 inter
1317 1103 1393 1130 nos
1414 1088 1480 1130 vel
1500 1088 1674 1131 heredes
1695 1094 1859 1131 nostros
1882 1124 1888 1130 .
1913 1088 2204 1143 unusquisque

250 1178 522 1235 respondebit
552 1193 627 1234 pro
657 1178 854 1234 porcione
884 1194 960 1221 sua
990 1194 1119 1234 qnam
1150 1179 1322 1222 habebit
1347 1214 1355 1222 .
1379 1183 1420 1222 et
1452 1195 1578 1235 super
1608 1186 1870 1223 sacrosancta
1897 1180 2136 1236 juravimus
2160 1182 2204 1221 et

250 1269 618 1312 Christianitatem
644 1274 831 1311 nostram
863 1274 904 1312 et
935 1273 1045 1312 terre
1067 1274 1208 1312 nostre
1239 1271 1284 1312 in
1315 1271 1507 1327 plegium
1537 1271 1789 1327 possuimns¹
1810 1272 1923 1327 quod
1953 1271 2030 1313 hec
2060 1270 2204 1312 omnia

250 1362 432 1404 fideliter
476 1364 519 1403 et
554 1361 643 1402 sine
678 1361 775 1403 dolo
816 1360 1076 1403 servabimus
1115 1362 1160 1403 in
1202 1366 1456 1417 perpetuum
1497 1395 1506 1404 .
1551 1361 1610 1404 Et
1651 1365 1797 1404 contra
1831 1377 1976 1404 omnes
2008 1361 2203 1404 homines

245 1452 616 1495 warantizabimus
640 1455 682 1494 et
708 1452 893 1494 maxime
924 1456 1070 1494 contra
1092 1452 1243 1494 fratres
1265 1457 1429 1495 nostros
1450 1454 1502 1495 de
1526 1452 1668 1495 BAsTo
1685 1453 1881 1495 videlicet
1914 1452 2197 1495 KANAITHEN

250 1543 379 1585 CoGH
401 1548 442 1585 et
466 1542 657 1586 LEULYN
681 1544 828 1585 Mon.

310 1634 413 1676 Hiis
432 1634 624 1677 testibus.

1116 1710 1164 1745 (ι)
1191 1709 1253 1737 sec.
1274 1708 1338 1737 MS.

1069 1882 1389 1926 MDXCVIII.

250 1989 468 2033 GRANT
520 1989 606 2032 BY
667 1989 933 2033 GRIFFIN
991 1989 1126 2033 AND
1179 1989 1493 2042 CADRAUT,
1545 1988 1694 2032 SONS
1754 1988 1833 2032 OF
1900 1989 2202 2033 CADRAUT

401 2079 857 2133 GILLEMICHEL,
880 2080 956 2124 ΤΟ
988 2081 1267 2124 MARGAM
1298 2080 1526 2133 ABBEY,
1554 2080 1632 2123 OF
1664 2080 1867 2123 THEIR
1894 2080 2204 2124 FATHER’S

401 2171 577 2214 LAND
627 2171 887 2215 BEYOND
940 2172 1255 2215 KENEFEG.

975 2279 1205 2336 [MARGAM
1239 2279 1496 2336 CHARTER.]

1571 2352 1730 2395 EARLY
1766 2355 1881 2395 131-11
1915 2353 2144 2397 CENTURY.

318 2462 528 2504 Omnibus
564 2462 717 2505 Sancte
753 2463 923 2505 ecclesie
957 2462 1057 2504 filiis
1095 2464 1167 2517 qui
1211 2463 1318 2503 hanc
1357 2466 1516 2503 cartam
1555 2461 1818 2516 inspexerint
1853 2462 1919 2503 vel
1951 2462 2164 2504 audierint
2196 2496 2205 2505 .

259 2552 459 2595 GRIFFIN
481 2558 523 2594 et
546 2553 762 2595 CADRAUT
782 2553 861 2595 filii
883 2553 1098 2595 OADRAUT
1121 2553 1441 2595 GILLEMICHEL
1463 2552 1656 2594 salutem.

319 2644 501 2686 Noverit
531 2644 785 2687 universitas
815 2648 953 2686 vestra
984 2660 1060 2686 nos
1091 2645 1255 2686 dedisse
1287 2649 1328 2685 et
1359 2643 1606 2685 concessisse
1637 2647 1678 2684 et
1699 2643 1777 2685 hac
1798 2647 1913 2685 carta
1933 2648 2077 2686 nostra
2107 2659 2204 2687 con-

263 2736 450 2777 firmasse
471 2735 564 2777 Deo
595 2740 635 2777 et
666 2735 788 2777 beate
810 2735 970 2777 MAmE
992 2743 1033 2778 et
1054 2736 1271 2778 monachis
1292 2736 1344 2776 de
1372 2734 1576 2776 MARGAN
1599 2735 1644 2775 in
1665 2737 1915 2789 perpetuam
1936 2735 2210 2777 elemosinam

259 2831 397 2868 totam
417 2830 574 2868 terram
595 2841 677 2881 que
698 2826 783 2868 fuit
805 2826 1021 2869 CADRAUT
1044 2826 1365 2868 GILLEMICHEL
1386 2825 1517 2880 patris
1548 2825 1681 2866 nostri
1713 2857 1721 2865 .
1755 2839 1837 2879 que
1868 2825 2064 2867 videlicet
2094 2829 2207 2867 terra

263 2917 378 2973 jacet
398 2917 512 2959 ultra
532 2917 759 2960 KENEFEG
779 2916 907 2973 juxta
922 2922 1078 2959 terram
1100 2917 1278 2959 Rocnm
1311 2915 1499 2957 STURML
1561 2915 1760 2957 Preterea
1777 2915 1917 2970 quitas
1937 2915 2213 2958 clamavimus

266 3008 465 3064 predictis
485 3007 703 3051 monachis
722 3008 769 3050 in
789 3012 1043 3064 perpetuum
1073 3023 1219 3050 omnes
1249 3007 1511 3062 calumpnias
1541 3009 1584 3048 et
1614 3006 1805 3061 querelas
1832 3007 1885 3048 de
1913 3007 2036 3049 terris
2066 3022 2212 3049 eorum
