2425 3423
322 262 435 304 2326

1149 469 1339 513 MDGV.

267 582 569 627 OHARTER
619 582 698 626 OF
748 581 1075 636 ISABELLA,
1124 583 1439 627 COUNTESS
1490 584 1569 627 OF
1620 584 2026 629 GLOUOESTER
2079 585 2214 629 AND

409 673 618 727 ESSEX,
691 673 763 716 IN
836 673 972 717 ΗΕΒ
1051 674 1218 718 FREE
1290 674 1715 729 WIDOWHOOD‚
1791 676 1867 719 ΤΟ
1940 677 2217 721 MARGAM

411 763 641 818 ABBEY,
723 763 1057 808 GRANTING
1141 765 1277 809 AND
1371 766 1774 810 GONFIRMING
1862 766 2215 811 NUMEROUS

410 854 632 907 LANDS,
685 854 878 907 GIFTS,
929 855 1064 898 AND
1115 855 1508 900 PRIVILEGES.

983 969 1215 1027 [MARGAM
1247 971 1503 1029 CHARTER.]

1775 1064 1821 1106 C.
1859 1065 2156 1107 1216-1219.

262 1179 414 1222 ΟΑΒΤΑ
446 1179 668 1222 ISABELLE
699 1178 936 1222 COMITISSE
969 1192 1018 1220 IN
1051 1192 1216 1219 LIBERA
1259 1192 1503 1220 VIDUITATE
1545 1193 1626 1221 SUA
1667 1193 1724 1221 DE
1755 1193 1914 1222 TERRIS
1945 1194 2056 1224 QUAS
2087 1194 2214 1222 NOBIS

346 1284 483 1312 DEDIT
513 1284 631 1312 APUT
661 1269 836 1312 NOVUM
870 1268 1138 1311 CASTELLUM
1181 1302 1189 1310 .
1230 1282 1284 1309 ΕΤ
1314 1282 1373 1310 DE
1407 1283 1650 1313 QUITANCIA
1681 1284 1861 1312 TOTALIS
1893 1285 2124 1313 FORINSECI

502 1375 695 1403 SERVICII
729 1394 737 1402 .
772 1374 826 1402 ET
856 1374 915 1401 DE
946 1373 1165 1401 COMMUNA
1198 1373 1377 1401 MARISCI
1410 1374 1549 1401 INTER
1582 1360 1713 1402 THAF
1745 1375 1800 1402 ET
1830 1360 1970 1403 ELEY.

319 1459 465 1502 Sciant
505 1474 652 1502 omnes
691 1462 781 1502 tam
819 1461 1034 1515 presentes
1075 1473 1204 1513 quam
1246 1458 1384 1500 futuri
1436 1459 1551 1513 quod
1601 1473 1680 1514 ego
1731 1458 1956 1501 IsABELLA
1997 1460 2210 1503 comitissa

257 1550 535 1593 GLOCESTRIE
557 1553 600 1593 et
619 1549 835 1592 Exsnssm
858 1583 867 1592 .
890 1549 937 1591 in
957 1549 1091 1592 libera
1112 1548 1321 1591 viduitate
1341 1563 1436 1591 mea
1457 1549 1555 1591 dedi
1577 1553 1620 1591 et
1641 1550 1823 1592 concessi
1853 1556 1895 1592 et
1926 1551 2004 1593 hac
2024 1551 2210 1606 presenti

255 1646 371 1685 carta
402 1657 496 1684 mea
526 1641 772 1684 confirmavi
799 1656 874 1697 pro
905 1641 1042 1683 salute
1073 1640 1215 1682 anime
1245 1655 1338 1682 mee
1371 1673 1379 1682 .
1413 1645 1455 1682 et
1484 1640 1618 1696 patris
1648 1641 1733 1683 mei
1764 1643 1807 1683 et
1838 1642 1986 1684 matris
2016 1656 2109 1684 mee
2132 1675 2142 1684 .
2165 1644 2209 1685 et

255 1733 448 1776 omnium
469 1736 780 1775 antecessorum
800 1734 844 1775 et
864 1746 1149 1774 successorum
1170 1747 1362 1774 meorum
1390 1731 1484 1774 Deo
1507 1735 1550 1774 et
1570 1731 1692 1774 beate
1712 1731 1873 1774 MAROE
1894 1733 1948 1774 de
1968 1732 2173 1774 MARGAN
2196 1765 2206 1775 .

257 1827 300 1866 et
319 1823 538 1866 monachis
558 1823 584 1865 i.
609 1822 664 1865 D.
689 1837 719 1865 s,
742 1822 770 1865 i.
793 1838 833 1879 p.
858 1826 899 1865 et
920 1837 961 1878 p.
985 1837 1019 1865 e.
1043 1822 1120 1864 has
1147 1826 1280 1865 terras
1300 1837 1375 1878 per
1395 1822 1552 1864 divisas
1581 1837 1677 1864 suas
1708 1837 1805 1864 cum
1835 1823 2104 1878 pertinentiis
2123 1823 2211 1866 suis

260 1914 307 1956 in
343 1914 472 1956 feudo
494 1914 547 1955 de
567 1913 795 1955 KENEFEG
819 1947 827 1956 .
851 1917 894 1956 et
926 1914 971 1956 in
993 1913 1123 1956 feudo
1144 1913 1477 1955 NOVICASTELLI
1502 1947 1510 1955 .
1534 1915 1578 1955 et
1597 1915 1732 1955 totam
1753 1919 1911 1956 terram
1932 1913 2179 1956 PEITEVINI
2203 1947 2212 1956 .

255 2008 298 2047 et
328 2007 464 2047 totam
494 2007 652 2046 terram
683 2003 898 2046 HUGole
928 2005 981 2046 de
1018 2004 1327 2046 HEREFORDIA
1358 2007 1400 2046 et
1429 2008 1565 2046 totam
1595 2007 1753 2046 terram
1785 2003 2103 2047 WALLENSIUM
2131 2019 2206 2061 pro

255 2110 340 2151 qua
369 2095 543 2137 reddere
575 2094 767 2137 solebant
797 2095 1022 2138 annuatim
1046 2129 1053 2137 .
1077 2109 1213 2137 xan.
1238 2096 1392 2138 solidos
1413 2095 1599 2137 baillivis
1627 2096 1680 2137 de
1707 2094 1935 2137 ΚΕΝΕῈΕΘΓ
1965 2129 1974 2137 .
2007 2100 2050 2138 et
2070 2100 2206 2139 totam

253 2200 417 2229 moram
437 2187 490 2228 de
510 2185 829 2228 HAUEDHALOC
849 2185 961 2228 inter
982 2187 1088 2228 duas
1108 2201 1239 2242 aquas
1261 2186 1460 2229 KENFEG
1481 2190 1524 2228 et
1554 2185 1771 2228 ΒΑΙΤΗΑΝ
1805 2219 1812 2227 .
1846 2187 2073 2242 quinquies
2096 2220 2105 2229 .
2128 2202 2201 2231 xx.

252 2281 326 2320 et.
347 2293 389 2319 x.
412 2280 455 2319 et
485 2309 495 2319 .
519 2290 604 2318 VIJ.
637 2291 752 2318 acras
781 2277 834 2319 de
863 2277 1075 2320 dominico
1107 2292 1249 2320 mense
1280 2278 1373 2319 mee
1404 2277 1450 2319 in
1481 2276 1828 2319 NovooASTELLo
1861 2311 1870 2319 .
1904 2284 1946 2320 et
1976 2278 2023 2320 in
2053 2279 2201 2321 eodem

254 2367 385 2410 feudo
434 2366 764 2409 NOVICASTELLI
817 2400 825 2409 .
876 2382 1039 2410 moram
1088 2369 1143 2410 ad
1193 2368 1484 2423 aquilonarem
1528 2371 1694 2423 partem
1728 2368 1887 2411 montis
1927 2369 2002 2424 qui
2050 2369 2207 2412 dicitur

253 2458 671 2501 BR1DEWDECASTEL
704 2491 712 2500 .
747 2461 789 2500 et
818 2459 871 2500 ad
904 2458 1154 2501 orientalem
1184 2465 1350 2515 partem
1383 2459 1571 2513 ejusdem
1613 2492 1622 2500 .
1665 2463 1707 2500 et
1747 2462 1906 2501 terram
1936 2474 2019 2514 que
2049 2459 2205 2502 dicitur

255 2548 590 2591 SEIETTESLOND
623 2581 632 2589 .
665 2551 707 2590 et
746 2552 902 2591 terram
942 2549 1198 2592 KETHEREC
1238 2565 1319 2605 que
1359 2549 1472 2605 jacet
1511 2550 1566 2591 ad
1605 2549 1835 2592 australem
1873 2553 2039 2605 partem
2077 2550 2205 2606 juxta

253 2654 457 2695 magnam
477 2639 591 2681 viam
612 2654 693 2693 que
709 2640 848 2682 tendit
868 2655 1013 2682 versus
1033 2640 1336 2683 LAGELESTUN
1360 2673 1368 2682 .
1392 2644 1434 2682 et
1449 2644 1606 2682 terram
1627 2655 1708 2695 que
1729 2640 1885 2682 dicitur
1907 2640 2203 2683 ROFLESLOND

252 2745 305 2772 ex
342 2730 476 2772 altera
507 2732 627 2784 parte
667 2729 860 2785 ejusdem
901 2745 1057 2787 magne
1099 2732 1166 2773 vie
1210 2765 1218 2773 .
1268 2730 1505 2773 Habendas
1545 2734 1586 2773 et
1625 2731 1832 2773 tenendas
1872 2746 1968 2773 oum
2008 2731 2204 2774 omnibus

251 2819 519 2862 libertatibus
540 2823 582 2861 et
603 2819 863 2862 aisiamentis
884 2821 970 2863 suis
991 2853 1001 2863 .
1025 2823 1078 2863 de
1098 2836 1167 2863 me
1189 2828 1231 2863 et
1252 2821 1478 2864 heredibus
1497 2821 1602 2863 meis
1622 2820 1753 2863 libere
1784 2826 1826 2863 et
1848 2821 1990 2877 quiete
2010 2821 2064 2864 ab
2085 2823 2201 2865 omni

251 2909 420 2952 servitio
452 2941 462 2951 .
495 2910 799 2952 consuetudine
831 2943 841 2952 .
874 2914 918 2953 et
947 2912 1166 2954 exactione
1197 2911 1374 2954 seculari
1414 2912 1521 2954 sicut
1561 2911 1650 2953 ulla
1690 2911 1918 2954 elemosina
1947 2912 2157 2968 integ-rius
2189 2946 2198 2955 .

251 2999 425 3042 liberius
448 3031 457 3041 .
480 3002 522 3041 et
544 2999 729 3054 quietius
750 3001 893 3042 remisi
914 3004 955 3044 et
977 3002 1112 3043 teneri
1133 3005 1285 3057 potest.
