2425 3423
2013 277 2124 317 2291

1060 660 1334 704 MDLXXI.

239 779 454 822 GRANT
494 778 581 822 BY
622 778 851 830 OWEIN,
892 777 1010 821 SON
1050 777 1129 820 OF
1170 777 1452 831 MORGAN,
1491 778 1567 822 TO
1618 779 1897 824 MARGAM
1948 781 2178 834 ABBEY,

386 870 464 912 OF
518 869 645 913 ALL
697 869 827 912 THE
879 868 1101 912 MARSH
1157 868 1474 913 BETWEEN
1526 869 1657 913 THE
1710 871 2183 916 ENGLISHMAN’S

385 960 573 1004 WALL
658 960 793 1003 AND
871 959 1001 1002 THE
1081 959 1311 1003 WATER
1389 961 1468 1003 OF
1545 961 1764 1006 AVENE
1839 961 1973 1005 AND
2053 961 2184 1005 THE

385 1050 688 1103 BEROHES,
740 1050 918 1095 WITH
974 1050 1200 1095 POWER
1253 1050 1329 1094 TO
1382 1050 1584 1094 BUILD
1635 1053 1679 1094 A
1726 1052 1967 1095 BRIDGE
2016 1052 2185 1096 OVER

387 1141 516 1184 THE
558 1141 772 1194 RIVER,
814 1141 920 1183 Ero.

950 1249 1180 1306 [MARGAM
1222 1249 1478 1306 CHARTER.]

1751 1326 1868 1367 lssm
1899 1325 2127 1369 CENTURY.

299 1430 510 1473 Omnibus
531 1429 686 1473 Sancte
714 1431 884 1473 ecclesie
912 1431 1010 1473 filiis
1030 1431 1296 1487 presentibus
1323 1435 1365 1474 et
1394 1432 1552 1475 futuris
1583 1467 1591 1475 .
1626 1432 1790 1475 meN
1821 1433 1934 1475 filius
1964 1433 2185 1476 MORGANI

240 1522 437 1564 salutem.

299 1612 450 1655 Sciatis
470 1627 538 1655 me
560 1613 808 1655 concessisse
829 1616 872 1655 et
893 1613 1056 1655 dedisse
1077 1617 1120 1655 et
1140 1613 1217 1655 hac
1239 1616 1352 1656 carta
1383 1614 1650 1657 confirmasse
1675 1614 1767 1657 Deo
1796 1618 1839 1657 et
1865 1615 2035 1657 ecclesie
2063 1614 2185 1657 beate

241 1704 400 1746 MARm
422 1706 474 1747 de
498 1704 700 1746 MARGAN
722 1708 764 1746 et
787 1705 1005 1747 monachis
1025 1705 1184 1747 ibidem
1206 1705 1299 1747 Deo
1320 1706 1600 1749 servientibus
1631 1739 1640 1749 .
1673 1706 1718 1748 in
1750 1705 2022 1748 elemosinam
2047 1708 2187 1748 totum

240 1796 466 1838 mariscum
488 1796 562 1851 qui
583 1795 697 1851 jacet
717 1795 829 1838 inter
851 1795 1064 1839 WALLAM
1085 1797 1347 1838 ANGLORUM
1369 1799 1411 1838 et
1430 1811 1584 1852 aquam
1605 1798 1658 1839 de
1679 1796 1845 1839 AVENE
1867 1798 1908 1838 et
1938 1795 2151 1839 BERcHEs
2174 1831 2182 1838 .

241 1888 295 1929 ad
317 1887 561 1929 habendum
583 1890 624 1929 et
646 1887 881 1929 tenendum
902 1886 1032 1928 libere
1053 1891 1096 1928 et
1116 1888 1257 1942 quiete
1277 1887 1330 1929 ab
1352 1887 1469 1929 omni
1490 1887 1667 1930 seculari
1688 1887 1859 1930 servitio
1894 1921 1901 1929 .
1935 1890 1978 1929 et
2011 1903 2182 1931 consue-

241 1978 390 2020 tudine
414 2011 421 2019 .
447 1982 489 2020 et
510 1978 729 2020 exactione
752 2011 760 2019 .
785 1978 892 2020 sicut
914 1978 1002 2020 ulla
1023 1978 1252 2020 elemosina
1273 1981 1411 2034 potest
1432 1978 1606 2021 liberius
1626 1978 1762 2020 teneri
1795 2012 1803 2020 .
1838 1979 2055 2021 reddendo
2082 1979 2183 2021 inde

241 2070 465 2111 annuatim
521 2069 784 2111 solummodo
825 2069 1048 2110 dimidiam
1083 2083 1268 2111 marcam
1303 2070 1358 2111 ad
1392 2069 1550 2112 festum
1598 2068 1745 2111 Sancti
1788 2069 2046 2111 anfflms
2081 2104 2089 2112 .
2127 2070 2188 2112 Et

241 2160 393 2202 facient
416 2163 592 2215 pontem
614 2160 726 2202 ultra
746 2161 951 2202 AUENAM
973 2159 1229 2215 ubicumque
1250 2160 1464 2202 voluerint
1484 2161 1596 2202 inter
1619 2160 1856 2216 predictum
1884 2161 2111 2203 mariscum
2144 2165 2186 2204 et

241 2256 399 2291 terram
419 2265 540 2292 suam
580 2249 760 2292 AUENE.
824 2249 1021 2292 Preterea
1052 2250 1235 2292 concessi
1265 2254 1307 2292 et
1338 2250 1583 2292 confirmavi
1612 2251 1656 2292 in
1689 2252 1962 2294 elemosinam
1986 2252 2186 2308 predictis

240 2340 458 2382 monachis
488 2344 623 2382 totam
654 2344 871 2396 pasturam
905 2341 957 2382 de
993 2340 1205 2382 Bmcnns
1237 2341 1290 2383 de
1322 2341 1490 2383 AUENE
1528 2375 1536 2383 .
1575 2357 1703 2397 quam
1736 2346 1967 2384 tenuerunt
1998 2346 2186 2398 tempore

242 2432 373 2487 patris
393 2431 478 2473 mei
504 2465 511 2472 .
535 2432 750 2473 reddendo
771 2431 871 2473 inde
892 2431 1115 2473 annuatim
1138 2465 1146 2472 .
1170 2447 1240 2473 xx.
1265 2431 1419 2474 solidos
1440 2433 1491 2474 ad
1518 2432 1676 2475 festum
1707 2432 1853 2475 Sancti
1883 2433 2142 2476 MICHAELIS
2175 2467 2183 2474 .

242 2523 302 2565 Et
334 2523 410 2565 hec
441 2523 586 2564 omnia
617 2523 901 2565 warantizabo
932 2523 991 2565 eis
1021 2523 1067 2565 in
1097 2526 1351 2578 perpetuum
1385 2556 1393 2564 .
1427 2523 1488 2566 Et
1518 2525 1687 2579 quando
1718 2524 1800 2566 feci
1828 2525 1888 2566 eis
1914 2524 2023 2567 hanc
2053 2526 2183 2567 dona-

241 2615 400 2656 tionem
425 2615 668 2661 „dederunt
688 2612 818 2655 michi
839 2628 1025 2655 marcam
1045 2628 1189 2655 unam.

301 2704 387 2746 His
407 2703 598 2746 testibus.

300 2793 369 2823 The
384 2794 518 2823 Chartei·
533 2793 559 2822 is
576 2793 768 2830 unfinished,
784 2801 880 2829 space
900 2792 996 2829 being
1012 2793 1072 2821 left
1088 2793 1189 2821 blank
1204 2794 1254 2822 for
1270 2793 1375 2831 filling
1390 2794 1421 2823 in
1440 2794 1495 2824 the
1510 2794 1687 2824 witnesses‘
1710 2805 1829 2825 names.
1873 2796 1940 2825 The
1956 2796 2038 2825 labe]
2056 2797 2105 2825 for
2124 2797 2179 2825 the

254 2849 318 2877 scal
335 2849 402 2878 still
419 2849 557 2878 remains
573 2849 707 2878 unused.
