2912 4368
2259 733 2368 773 2291

1305 1117 1578 1160 MDLXXI.

486 1236 700 1279 GRANT
740 1235 826 1278 BY
868 1235 1096 1286 OWEIN,
1138 1234 1255 1277 SON
1296 1234 1374 1276 OF
1416 1234 1697 1286 MORGAN,
1736 1235 1812 1278 TO
1864 1236 2141 1279 MARGAM
2193 1237 2423 1290 ABBEY,

633 1327 709 1369 OF
764 1326 890 1369 ALL
943 1326 1072 1368 THE
1125 1325 1346 1368 MARSH
1403 1325 1719 1369 BETWEEN
1772 1326 1902 1368 THE
1955 1327 2427 1371 ENGLISHMAN’S

631 1417 818 1460 WALL
904 1417 1038 1459 AND
1117 1416 1246 1458 THE
1327 1415 1556 1459 WATER
1635 1417 1713 1459 OF
1790 1417 2008 1461 AVENE
2084 1418 2217 1461 AND
2298 1418 2428 1461 THE

632 1506 933 1559 BEROHES,
986 1507 1163 1551 WITH
1220 1506 1445 1550 POWER
1499 1506 1574 1549 TO
1627 1507 1829 1550 BUILD
1881 1510 1923 1549 A
1972 1508 2211 1551 BRIDGE
2262 1509 2429 1552 OVER

633 1598 762 1640 THE
805 1598 1017 1650 RIVER,
1061 1598 1165 1639 ETc.

1196 1705 1424 1762 [MARGAM
1468 1706 1723 1762 CHARTER]

1997 1782 2112 1823 13ΤΗ
2145 1781 2372 1824 CENTURY.

545 1886 755 1928 Omnibus
777 1886 931 1928 Sancte
960 1887 1129 1929 ecclesie
1158 1888 1255 1929 filiis
1276 1888 1541 1943 presentibus
1569 1891 1610 1930 et
1640 1888 1796 1931 futuris
1829 1923 1836 1931 .
1871 1889 2034 1931 Owssm
2066 1889 2178 1931 filius
2209 1889 2429 1932 MORGANI

487 1978 682 2019 salutern.

545 2068 695 2110 Sciatis
716 2084 783 2111 me
806 2070 1053 2111 concessisse
1076 2073 1117 2111 et
1139 2070 1301 2111 dedisse
1323 2074 1365 2110 et
1386 2070 1462 2111 hac
1485 2073 1597 2112 carta
1628 2070 1894 2112 confirmasse
1921 2070 2012 2113 Deo
2041 2074 2083 2113 et
2111 2071 2280 2113 ecclesie
2308 2070 2430 2113 beate

487 2161 645 2202 MARIE
668 2162 719 2202 de
744 2161 945 2202 MARGAN
968 2164 1010 2202 et
1033 2161 1250 2203 monachis
1271 2161 1429 2203 ibidem
1452 2161 1544 2203 Deo
1566 2162 1845 2204 servientibus
1877 2195 1885 2204 .
1918 2162 1962 2203 in
1995 2162 2267 2203 elemosinam
2293 2165 2431 2203 totum

486 2252 711 2293 mariscum
734 2252 807 2306 qui
830 2252 943 2306 jacet
963 2252 1074 2294 inter
1097 2252 1309 2294 WALLAM
1331 2253 1592 2294 ANGLORUM
1615 2256 1656 2294 et
1676 2268 1829 2308 aquam
1851 2254 1903 2295 de
1924 2252 2089 2294 AVENE
2112 2255 2153 2293 et
2184 2252 2395 2294 BERCHES
2420 2287 2427 2294 .

487 2344 540 2384 ad
563 2343 806 2385 habendum
829 2347 870 2385 et
892 2344 1126 2384 tenendum
1148 2343 1277 2383 libere
1299 2347 1341 2384 et
1362 2344 1502 2397 quiete
1523 2343 1575 2385 ab
1598 2344 1714 2385 omni
1736 2344 1912 2385 seculari
1934 2343 2103 2385 servitio
2139 2377 2146 2384 .
2181 2347 2223 2384 et
2256 2359 2427 2386 consue-

487 2435 635 2476 tudine
660 2468 666 2474 .
693 2438 734 2475 et
756 2434 974 2476 exactione
998 2467 1005 2474 .
1031 2434 1137 2475 sicut
1160 2434 1247 2475 ulla
1269 2434 1497 2475 elemosina
1519 2438 1656 2489 potest
1678 2434 1851 2476 liberius
1872 2435 2007 2476 teneri
2041 2468 2047 2475 .
2084 2435 2300 2476 reddendo
2328 2435 2428 2477 inde

487 2526 709 2566 annuatim
767 2526 1029 2567 solummodo
1071 2525 1293 2566 dimidiam
1329 2540 1512 2566 marcam
1549 2526 1603 2566 ad
1638 2525 1795 2567 festum
1843 2525 1989 2566 Sancti
2033 2525 2291 2566 MICHAELIs
2326 2560 2333 2567 .
2372 2526 2433 2568 Et

488 2616 638 2657 facient
663 2619 837 2670 pontem
860 2617 971 2657 ultra
992 2617 1196 2657 AUENAM
1220 2616 1474 2670 ubicumque
1496 2617 1708 2657 voluerint
1730 2617 1841 2658 inter
1865 2616 2101 2671 predictum
2130 2617 2355 2658 mariscum
2389 2622 2430 2660 et

487 2712 643 2747 terram
666 2721 785 2747 suam
826 2706 1006 2747 AUENE.
1070 2706 1266 2747 Preterea
1298 2706 1479 2747 concessi
1511 2710 1552 2747 et
1584 2706 1828 2748 confirmavi
1858 2708 1900 2748 in
1934 2708 2207 2749 elemosinam
2232 2708 2431 2763 predictis

487 2796 703 2837 monachis
734 2800 868 2837 totam
901 2800 1116 2851 pasturam
1151 2797 1202 2837 de
1239 2796 1450 2837 BERCHEs
1483 2797 1535 2838 de
1568 2797 1735 2838 AUENE
1774 2831 1781 2838 .
1821 2813 1948 2852 quam
1981 2802 2211 2840 tenuerunt
2243 2802 2431 2854 tempore

488 2888 619 2942 patris
639 2887 723 2928 mei
750 2921 757 2928 .
781 2888 995 2928 reddendo
1017 2888 1116 2928 inde
1138 2887 1360 2928 annuatim
1384 2921 1391 2927 .
1416 2903 1485 2928 xx.
1511 2887 1664 2929 solidos
1686 2889 1735 2929 ad
1764 2888 1921 2931 festum
1953 2888 2097 2930 Sancti
2129 2889 2387 2931 MICHAELIS
2420 2923 2428 2930 .

489 2979 547 3020 Et
580 2979 655 3020 hec
687 2979 831 3020 omnia
863 2979 1146 3021 warantizabo
1178 2979 1236 3020 eis
1267 2979 1311 3020 in
1343 2982 1596 3034 perpetuum
1631 3012 1638 3019 .
1673 2979 1732 3021 Et
1763 2981 1931 3035 quando
1963 2980 2045 3021 feci
2074 2981 2132 3021 eis
2159 2980 2267 3022 hanc
2298 2982 2427 3022 dona-

488 3070 645 3112 tionem
671 3104 678 3111 .
703 3071 914 3111 dederunt
934 3068 1063 3110 michi
1085 3084 1269 3110 marcam
1292 3084 1434 3110 unam.

548 3159 633 3201 His
653 3159 843 3201 testibus.

546 3249 614 3278 The
630 3250 763 3278 Charter
780 3249 805 3277 is
823 3249 1013 3285 unrinished,
1031 3257 1125 3284 <pace
1147 3248 1241 3284 being
1258 3248 1317 3276 left
1335 3248 1433 3276 blank
1452 3250 1499 3277 for
1516 3249 1619 3286 filling
1636 3250 1666 3278 in
1686 3250 1739 3279 the
1755 3251 1931 3280 witnesses'
1957 3261 2074 3280 names.
2118 3252 2184 3281 Tne
2202 3252 2282 3280 labe]
2302 3253 2350 3280 foi·
2370 3253 2424 3280 the

501 3305 562 3332 scal
581 3305 647 3332 <1511
665 3305 802 3333 remains
821 3305 951 3333 [muse-l,
