2425 3423
1971 273 2084 314 2317

1021 480 1312 523 MDXOVH.

194 598 550 645 QUITOLAIM
591 598 678 642 BY
717 596 906 641 OWEN
946 596 1080 639 AND
1122 595 1382 646 OTHERS,
1424 596 1573 639 SONS
1629 595 1707 638 OF
1761 595 2133 645 ALAYTHUR

334 689 411 732 ΤΟ
444 689 722 733 MARGAM
763 687 989 739 ABBEY,
1024 687 1102 730 OF
1135 686 1337 730 RIGHT
1370 686 1446 729 TO
1483 686 1658 729 LAND
1687 686 1863 729 NEAR
1896 685 2130 735 PENUD,

332 780 463 823 THE
518 779 805 823 PASTURE
861 778 939 822 OF
998 777 1373 828 ROSSOWLIN,
1431 776 1696 821 FISHING
1750 777 1822 820 IN
1876 776 2002 820 NET
2050 777 2132 819 ΟΒ

337 870 515 914 ΝΕΤΗ
557 870 800 922 WATER‚
833 870 936 912 ETc.

912 985 1143 1042 [MARGAM
1175 984 1426 1040 CHARTER.]

1703 1077 1818 1118 13111
1850 1075 2076 1118 CENTURY.

220 1186 480 1229 ABJURATIO
512 1185 674 1228 Owssm
706 1220 713 1227 .
743 1186 852 1228 RES1
881 1219 889 1228 .
921 1185 1115 1228 ORADOCI
1147 1219 1154 1227 .
1190 1184 1421 1227 FILIORUM
1454 1184 1712 1227 ALAYTHUR
1743 1199 1800 1226 DE
1836 1198 1984 1226 TERRA
2016 1199 2073 1226 DE

838 1276 1099 1318 Rossome
1133 1290 1186 1317 ET
1228 1290 1284 1317 DE
1326 1275 1500 1318 PENUD.

248 1392 458 1435 Omnibus
489 1393 677 1435 CHRISTI
708 1393 904 1435 fidelibus
935 1407 1104 1448 presens
1140 1393 1343 1447 scriptum
1383 1393 1534 1435 visuris
1565 1393 1631 1435 vel
1661 1392 1871 1435 audituris
1904 1427 1911 1434 .
1946 1392 2089 1434 OWEN
2123 1427 2130 1434 .

191 1483 335 1525 REsUs
359 1517 367 1526 .
391 1483 623 1526 ORAnocus
647 1517 655 1525 .
678 1483 757 1525 filii
778 1483 1037 1525 ALAYTHUR
1060 1518 1067 1525 .
1093 1483 1285 1525 salutem.

244 1574 427 1617 Noverit
462 1576 713 1618 universitas
748 1578 883 1617 vestra
924 1575 1036 1629 quod
1075 1574 1148 1616 hec
1183 1580 1246 1616 est
1281 1575 1420 1617 finalis
1448 1575 1668 1617 concordia
1697 1574 1811 1616 facta
1841 1575 1953 1616 inter
1986 1590 2061 1616 nos
2092 1579 2134 1616 et

189 1665 416 1708 monachos
448 1667 499 1708 de
531 1665 735 1708 MARGAN
767 1700 774 1708 .
810 1665 1004 1707 videlicet
1024 1666 1138 1720 quod
1169 1680 1244 1707 nos
1273 1681 1477 1707 consensu
1504 1669 1546 1708 et
1577 1666 1749 1708 consilio
1780 1666 2013 1707 amicorum
2038 1680 2132 1708 nos-

185 1759 348 1798 trorum
383 1771 458 1811 pro
494 1772 651 1812 magno
693 1761 735 1799 et
775 1757 1015 1798 estimabili¹
1057 1757 1212 1798 damno
1254 1758 1366 1811 quod
1408 1756 1585 1798 fecimus
1636 1757 1759 1798 dictis
1809 1757 2026 1799 monachis
2075 1758 2127 1799 de

188 1847 393 1890 MARGAN
415 1847 583 1903 quitum
604 1849 878 1889 clamavimus
898 1848 944 1889 in
965 1851 1217 1903 perpetuum
1237 1850 1376 1889 totum
1397 1848 1596 1890 clamium
1617 1851 1810 1890 nostrum
1841 1851 1882 1890 et
1902 1851 2043 1890 totum
2062 1848 2134 1903 jus

188 1941 301 1995 quod
336 1939 579 1982 dicebamus
610 1955 684 1982 nos
713 1939 867 1982 habere
892 1940 938 1981 in
961 1943 1074 1981 terra
1099 1939 1400 1980 monachorum
1430 1939 1544 1980 infra
1575 1939 1650 1981 has
1682 1939 1839 1981 divisas
1875 1939 2031 1981 scilicet
2063 1973 2071 1981 ,
2108 1955 2132 1981 a

190 2045 307 2072 sursa
339 2032 391 2073 de
419 2030 610 2072 FRUDEL
640 2031 686 2072 in
714 2030 923 2072 directum
951 2045 1084 2085 usque
1120 2030 1521 2072 PENREUKEINREU
1552 2035 1593 2071 et
1620 2030 1720 2071 inde
1740 2030 1786 2071 in
1807 2030 2131 2072 transsversum¹

188 2135 321 2176 usuqe
358 2121 412 2162 ad
448 2121 562 2162 viam
597 2136 676 2176 que
714 2121 830 2162 venit
866 2122 917 2162 de
950 2121 1154 2175 superiori
1187 2120 1349 2161 PENUD
1384 2123 1426 2161 et
1457 2121 1556 2162 inde
1588 2135 1661 2175 per
1693 2121 1872 2163 eandem
1908 2135 2039 2176 usque
2072 2123 2127 2163 ad

185 2210 426 2252 BLAINANT
448 2225 664 2253 DISCULUA
686 2215 729 2253 et
748 2211 848 2253 inde
869 2212 914 2252 in
936 2211 1256 2253 transsversum¹
1277 2211 1432 2252 directe
1454 2225 1585 2266 usque
1602 2210 1945 2253 RIDKEUELEKY
1966 2214 2007 2254 et
2028 2212 2128 2254 inde

185 2315 259 2356 per
280 2316 435 2357 aquam
456 2302 508 2343 de
530 2301 695 2343 AUENE
718 2317 848 2357 usque
870 2302 914 2344 in
936 2316 1061 2344 mare.
1125 2301 1184 2342 Et
1203 2301 1441 2356 juravimus
1466 2316 1591 2357 super
1612 2306 1872 2344 sacrosancta
1888 2303 2056 2344 ecclesie
2077 2304 2130 2345 de

186 2392 390 2434 MARGAN
416 2393 529 2448 quod
557 2407 777 2448 nunquam
805 2408 880 2435 nos
907 2408 984 2434 nec
1011 2392 1202 2434 homines
1233 2392 1364 2434 nostri
1394 2408 1470 2434 nec
1497 2392 1650 2448 aliquis
1678 2408 1751 2447 per
1772 2408 1847 2435 nos
1875 2393 2128 2436 intrabimus

182 2498 279 2525 cum
313 2483 567 2526 animalibus
603 2484 657 2525 ad
692 2485 950 2538 pascendum
989 2486 1145 2525 terram
1185 2483 1487 2525 monachorum
1526 2483 1640 2525 infra
1679 2484 1813 2526 dictas
1853 2484 2008 2526 divisas
2048 2500 2124 2527 nec

185 2574 372 2629 aliquam
403 2575 744 2616 commoditatem
765 2574 1014 2617 habebimus
1043 2575 1110 2616 vel
1131 2575 1350 2628 exigemus
1370 2574 1415 2615 in
1445 2573 1567 2616 bosco
1590 2574 1655 2616 vel
1675 2575 1802 2629 plano
1832 2575 1899 2617 vel
1919 2575 2062 2630 aliqua
2082 2591 2127 2618 re

184 2665 268 2707 alia
296 2664 411 2706 ins-ra
441 2665 610 2707 easdem
639 2665 807 2707 divisas.
870 2665 1075 2708 Similiter
1105 2680 1327 2719 nunquam
1354 2664 1608 2707 intrabimus
1637 2668 1794 2707 terram
1821 2665 2124 2708 monachorum

185 2756 238 2798 de
278 2755 541 2797 Rossome
573 2770 669 2797 cum
706 2755 961 2797 animalibus
996 2756 1050 2797 ad
1085 2757 1343 2810 pascendum
1383 2755 1526 2810 aliquo
1566 2757 1754 2810 tempore
1797 2755 1900 2797 anni
1936 2789 1945 2798 .
1980 2763 2125 2799 contra

183 2845 446 2888 voluntatem
477 2846 780 2888 monachorum
813 2880 821 2887 .
850 2861 925 2888 nec
956 2846 1144 2901 aliquam
1165 2846 1508 2888 commoditatem
1537 2845 1787 2888 habebimus
1807 2847 1874 2888 vel
1904 2847 2124 2903 exigemus

182 2935 339 2978 ibidem
370 2936 415 2977 in
436 2935 557 2978 bosco
578 2937 646 2978 vel
666 2937 794 2992 plano
828 2972 833 2979 .
867 2952 944 2979 nec
975 2937 1230 2992 piscabimur
1257 2937 1302 2978 in
1334 2951 1445 2991 aqua
1478 2937 1530 2978 de
1558 2936 1660 2979 NET
1687 2970 1695 2979 .
1726 2952 1802 2979 nos
1825 2952 1903 2980 nec
1931 2938 2123 2981 homines

180 3026 313 3068 nostri
335 3060 344 3068 .
367 3041 443 3068 nec
463 3026 616 3082 aliquis
636 3042 710 3082 per
731 3042 808 3069 nos
836 3028 950 3069 infra
980 3028 1135 3070 divisas
1165 3027 1466 3070 monachorum
1497 3028 1652 3071 scilicet
1681 3029 1793 3071 inter
1823 3029 2120 3072 ABERWRACH
