2425 3423
361 279 474 321 2364

1099 486 1469 531 MDOXXXIII.

306 617 537 661 NOTIGE
591 616 669 659 OF
728 613 1009 658 EDWARD
1065 612 1131 655 II.
1201 612 1278 655 ΤΟ
1344 610 1453 654 HIS
1512 607 1852 652 MINISTERS
1911 607 1984 650 IN
2041 606 2249 651 SOUTH

452 715 673 760 WALES
748 714 826 757 OF
902 712 1031 755 THE
1101 710 1480 755 AUTHORITY
1550 707 1751 752 GIVEN
1826 706 1902 749 ΤΟ
1983 706 2099 750 RES
2169 707 2251 750 ΑΡ

453 815 776 867 GRIFFITH,
827 813 903 856 ΤΟ
954 811 1127 855 LEVY
1175 811 1314 854 MEN
1364 810 1487 853 FOR
1527 808 1658 851 THE
1699 806 1908 850 KING’S
1943 806 2248 850 DEFENGE.

795 963 926 1020 [PAT.
962 962 1069 1005 Ror.
1141 962 1197 1003 20
1228 960 1356 1003 Enw.
1389 959 1454 1002 Π.
1515 958 1674 1001 MEMB.
1708 958 1767 1011 7.]

1444 1069 1498 1110 29
1531 1067 1632 1110 Ocrr.
1694 1066 1749 1107 20
1781 1065 1908 1106 Enw.
1941 1064 2005 1108 II.
2076 1066 2194 1107 1326.

314 1244 410 1287 PRo
432 1243 562 1285 REGE
584 1256 641 1283 DE
664 1240 935 1282 Hommssus
966 1234 1396 1292 DEFENSA[B1]LIBUS
1427 1248 1519 1275 TAM
1551 1232 1803 1278 EQUITIBUS
1835 1246 1960 1277 QUAM
1992 1231 2239 1276 PEmnnns

1162 1348 1398 1376 LEVANDIS.

356 1467 453 1510 Rex
486 1464 804 1509 vicecomitibus
836 1462 1006 1505 ballivis
1037 1459 1245 1502 ministris
1279 1463 1322 1501 et
1362 1457 1558 1500 omnibus
1598 1457 1793 1500 fidelibus
1833 1458 1919 1500 suis
1958 1459 2011 1500 de
2051 1458 2254 1501 comitatu

298 1559 599 1602 PEMBROCHIE
630 1561 674 1599 et
703 1554 897 1611 partibus
927 1550 1225 1609 adjacentibus
1254 1554 1344 1592 tam
1373 1549 1489 1591 infra
1518 1548 1734 1591 libertates
1764 1563 1893 1603 quam
1923 1553 2043 1590 extra
2073 1549 2128 1590 ad.
2149 1563 2254 1604 quos

298 1655 374 1695 etc.
399 1650 595 1693 salutem.

355 1748 510 1792 Sciatis
529 1748 644 1803 quod
665 1743 977 1801 assignavimus
998 1741 1202 1784 dilectum
1223 1743 1266 1781 et
1286 1739 1454 1781 fidelem
1477 1740 1668 1779 nostrum
1690 1736 1851 1778 RESUM
1872 1751 1926 1792 ap
1949 1736 2178 1779 GRIFFITH
2199 1739 2255 1780 ad.

294 1841 529 1884 levandum
560 1841 602 1881 et
634 1837 767 1880 levari
799 1835 1046 1878 faciendum
1079 1846 1224 1874 omnes
1259 1829 1452 1871 homines
1488 1826 1768 1869 defensabiles
1803 1830 1893 1868 tam
1928 1828 2090 1883 equites
2125 1843 2255 1884 quam

296 1933 460 1989 pedites
481 1932 534 1973 de
554 1934 668 1972 terra
689 1932 731 1971 et
752 1927 946 1983 partibus
967 1922 1263 1980 adjacentibus
1284 1920 1484 1976 predictis
1505 1924 1546 1961 et
1567 1919 1622 1960 ad
1643 1919 1886 1960 ducendum
1905 1918 2017 1974 ipsos
2033 1920 2088 1961 ad
2103 1935 2180 1962 nos
2199 1921 2254 1963 ad

296 2023 422 2067 vadia
443 2025 588 2064 nostra
609 2035 706 2062 cum
729 2018 847 2061 omni
866 2016 1145 2060 festinacione
1166 2028 1296 2069 quam
1324 2011 1479 2067 poterit
1510 2010 1556 2051 in
1587 2008 1823 2051 subsidium
1854 2012 2047 2052 nostrum
2071 2016 2114 2053 et
2133 2012 2258 2068 regni

297 2114 431 2158 nostri
462 2117 609 2155 contra
632 2111 808 2154 hostiles
841 2123 1068 2166 aggressus
1107 2105 1378 2148 inimicorum
1419 2107 1462 2144 et
1499 2100 1723 2144 rebellium
1756 2107 1998 2143 nostrorum
2032 2118 2080 2144 ac
2106 2103 2254 2145 alieni-

300 2219 510 2263 genarum
530 2203 604 2260 qui
623 2216 807 2259 regnum
829 2204 1023 2242 nostrum
1044 2198 1254 2241 hostiliter
1275 2200 1375 2238 sunt
1395 2194 1585 2250 ingressi.
1648 2193 1709 2235 Et
1729 2193 1823 2235 ideo
1850 2192 1969 2235 vobis
1996 2195 2192 2238 omnibus
2212 2201 2254 2239 et

303 2297 484 2354 singulis
518 2296 563 2337 in
588 2295 672 2337 fide
704 2297 746 2336 et
778 2291 990 2349 ligeancia
1018 2290 1171 2346 quibus
1201 2288 1323 2330 nobis
1348 2285 1554 2328 tenemini
1587 2288 1629 2326 et
1658 2283 1736 2326 sub
1761 2284 2034 2327 forisfactura
2062 2287 2253 2330 omnium

302 2404 397 2445 quae
428 2387 550 2430 nobis
579 2384 821 2428 forisfacere
852 2382 1045 2438 poteritis
1075 2381 1329 2423 mandamus
1364 2377 1478 2433 quod
1513 2375 1651 2418 eidem
1684 2374 1801 2416 REso
1835 2375 1881 2416 in
1910 2377 2123 2430 premissis
2156 2392 2252 2422 cum

302 2484 392 2523 toto
414 2493 532 2535 posse
554 2480 690 2519 vestro
712 2475 804 2517 sitis
823 2474 1095 2516 intendentes
1125 2471 1391 2514 consulentes
1421 2472 1463 2509 et
1493 2466 1748 2508 auxiliantes
1780 2466 1978 2521 quociens
2007 2470 2050 2509 et
2080 2470 2251 2524 quando

305 2586 380 2628 per
399 2571 540 2626 ipsum
560 2582 685 2623 super
704 2566 783 2609 hoc
811 2581 864 2607 ex
894 2568 1013 2620 parte
1043 2568 1188 2605 nostra
1218 2561 1385 2604 fueritis
1414 2556 1646 2614 premuniti
1679 2589 1686 2597 .
1720 2556 1886 2598 Damus
1916 2561 2060 2600 autem
2089 2559 2254 2614 prefato

307 2662 429 2704 REso
448 2660 621 2716 plenam
640 2661 786 2700 tenore
806 2655 1070 2712 presencium
1095 2656 1349 2709 potestatem
1379 2664 1523 2692 omnes
1553 2653 1595 2690 et
1626 2647 1816 2703 singulos
1846 2663 1950 2702 quos
1969 2649 2015 2690 in
2035 2649 2114 2692 hac
2134 2656 2254 2706 parte

314 2752 544 2796 contrarios
573 2748 785 2791 inveniret
815 2762 889 2789 seu
918 2745 1095 2788 rebelles
1116 2749 1158 2787 et
1179 2758 1284 2799 quos
1313 2741 1506 2784 inimicos
1532 2741 1696 2781 nostros
1716 2740 1962 2793 reputamus
1981 2741 2190 2795 puniendi
2220 2748 2262 2787 et

315 2841 554 2898 castigandi
581 2839 778 2882 omnibus
808 2837 887 2879 viis
914 2840 956 2879 et
996 2835 1133 2878 modis
1163 2833 1319 2890 quibus
1347 2831 1474 2888 juxta
1513 2828 1811 2871 discrecionem
1841 2843 1960 2871 suam
1996 2830 2086 2873 fore
2111 2832 2264 2876 viderit

318 2933 575 2976 faciendum.
637 2929 694 2971 In
715 2928 851 2984 cujus,
874 2931 951 2970 etc.

377 3031 502 3074 Teste
524 3030 644 3085 Rege
665 3029 780 3084 apud.
801 3027 1043 3070 KERmLLY
1068 3059 1075 3068 .
1100 3039 1222 3067 xxm.
1247 3023 1315 3065 die
1336 3020 1540 3064 Octobris.
1776 3033 1850 3074 per
1868 3018 2009 3074 ipsum
2031 3020 2208 3077 Regem.
