2425 3423
1945 257 2058 299 2303

224 470 362 514 Three
383 470 507 514 small
528 470 647 522 seals,
669 469 815 512 brown
837 483 949 519 wax,
971 468 1049 510 viz.
1070 483 1140 509 2—-

229 563 267 605 1.
328 561 373 605 Α
392 561 659 604 fleur-de-lis.

656 655 729 700 4-1-
758 650 915 693 SIGILL'
950 683 958 692 .
991 663 1162 691 MEURIC
1195 682 1203 691 .
1237 647 1326 691 Fu?
1360 681 1370 692 .
1403 647 1604 690 LEWEL'.'

224 743 264 784 2.
326 741 556 785 Arosette.

655 835 665 855 ‘
690 838 731 880 -1-
760 831 919 874 s1G1LL'
954 863 1139 873 .....
1176 829 1261 871 FIL'
1297 863 1305 872 .
1339 827 1593 886 LEW[E]L'.'

228 925 267 966 3.
328 923 373 967 A
391 923 534 966 flower
553 922 742 965 between
765 937 820 964 an
842 936 975 964 arrow
996 922 1079 963 and
1102 936 1127 962 a
1146 920 1388 976 lance-flag.

659 1015 732 1061 ‘4-
761 1011 921 1054 SIGILL'
955 1045 964 1054 .
998 1026 1116 1053 HOEL
1149 1045 1156 1053 .
1191 1010 1279 1053 FIL'
1314 1043 1322 1053 .
1355 1009 1558 1052 LEWEL'.'

228 1105 453 1147 Endorsed
473 1104 519 1146 in
542 1119 566 1145 a
585 1104 671 1145 late
692 1103 1057 1158 handwri‘cing-—‘
1072 1102 1244 1156 Penyth
1265 1102 1310 1143 in
1332 1100 1650 1157 Havodyport.’

964 1292 1309 1335 MDLXXXII.

173 1401 529 1449 QUITOLAIM
574 1401 661 1444 BY
703 1400 1031 1453 ONITHLIN,
1078 1400 1195 1443 SON
1241 1400 1318 1442 OF
1364 1399 1594 1451 OANAN,
1630 1398 1764 1442 AND
1799 1397 1947 1441 SONS
1980 1396 2114 1440 AND

317 1492 620 1545 KINSMEN,
669 1492 744 1535 ΤΟ
791 1492 1068 1534 MARGAM
1109 1491 1325 1533 ABBEY
1366 1490 1444 1533 OF
1476 1490 1602 1533 ALL
1648 1489 1778 1532 THE
1824 1488 2001 1532 LAND
2038 1487 2117 1531 OF

318 1582 624 1626 EMBROOH
669 1582 804 1625 AND
847 1581 1156 1625 TROSOOIT.

889 1689 1118 1746 [MARGAM
1151 1687 1407 1744 CHARTER]

228 1797 326 1840 Hoc
362 1798 568 1853 seriptum
603 1801 782 1840 testatur
819 1798 933 1853 quod
969 1796 1199 1839 ONITHLIN
1236 1796 1349 1837 filius
1382 1795 1542 1838 OANAN
1578 1829 1586 1838 .
1621 1798 1665 1837 et
1694 1809 1840 1838 omnes
1870 1794 1949 1837 filii
1980 1793 2074 1849 ejus
2107 1828 2114 1835 .

172 1887 329 1930 seilicet
360 1887 583 1930 REDERCH
617 1890 691 1930 ,et
722 1887 864 1929 Rmm
898 1920 905 1928 .
939 1890 980 1929 et
1012 1886 1225 1928 GRADAUC
1258 1919 1266 1928 .
1300 1890 1340 1928 et
1372 1885 1519 1928 SEISIL
1552 1919 1560 1928 .
1594 1889 1636 1928 et
1666 1885 1852 1928 H'MlNG
1886 1888 1959 1927 .et
1981 1884 2119 1926 omnis

172 1979 368 2035 cognatio
389 1979 483 2035 ejus
504 1979 672 2034 quitum
693 1979 983 2020 clamaverunt
1002 1981 1141 2020 totum
1162 1977 1362 2019 elamium
1383 1992 1507 2019 suum
1528 1978 1641 2032 quod
1663 1978 1953 2020 clamaverunt
1973 1990 2117 2018 versus

172 2070 346 2111 domum
368 2070 420 2110 de
441 2069 647 2111 MARGAN
669 2069 715 2111 in
734 2072 826 2111 tota
846 2072 958 2110 terra
979 2069 1030 2110 de
1051 2068 1275 2109 EMBRooH
1297 2070 1339 2109 et
1368 2069 1420 2110 de
1451 2067 1665 2109 TROSCOIT
1699 2101 1706 2109 .
1741 2071 1782 2109 et
1813 2068 1859 2109 in
1890 2067 2006 2109 omni
2026 2066 2117 2109 loeo

170 2158 285 2200 infra
315 2159 517 2201 terminos
548 2174 693 2201 eorum
723 2160 775 2202 de
817 2159 1033 2200 MARGAN.
1110 2157 1288 2201 Necnon
1330 2162 1371 2200 et
1407 2173 1532 2214 super
1573 2174 1689 2200 sacra
1717 2158 1972 2214 juraverunt
2001 2159 2116 2213 quod

172 2262 393 2302 nunquam
414 2263 487 2302 per
509 2263 550 2290 se
574 2281 581 2290 .
605 2263 741 2304 neque
762 2264 836 2304 per
857 2249 961 2290 alios
991 2248 1219 2290 movebunt
1252 2249 1467 2303 querelam
1498 2252 1643 2291 eontra
1673 2249 1908 2304 predictam
1937 2250 2113 2291 domum

175 2338 227 2379 de
248 2337 439 2393 predicta
459 2343 583 2380 terra.
645 2338 706 2381 Et
726 2340 780 2381 ad
801 2339 879 2381 hoe
904 2340 1083 2381 firmiter
1112 2341 1345 2381 tenendum
1374 2340 1537 2396 plegios
1566 2340 1822 2383 invenerunt
1856 2374 1864 2382 .
1897 2342 1940 2382 et
1970 2342 2116 2382 eontra

192 2441 336 2470 omnes
391 2427 583 2470 homines
633 2430 996 2472 warantizandum
1047 2430 1210 2486 plegios
1259 2430 1514 2473 invenerunt
1549 2465 1558 2474 ‚
1601 2431 1759 2473 scilieet
1801 2465 1808 2473 .
1851 2430 2121 2473 KENEWREC

173 2518 310 2560 filium
345 2517 591 2560 HERBERTI
629 2552 637 2560 .
675 2518 877 2562 ΚΑΝΑΑΝ
910 2520 1046 2562 filium
1082 2520 1271 2563 MERUIT
1313 2556 1321 2564 .
1363 2521 1613 2564 JORDOERD’
1652 2522 1790 2564 filium
1830 2521 2056 2564 ID'ENERD
2100 2554 2108 2562 .

173 2607 317 2650 Espns
345 2609 481 2651 filium
502 2608 715 2651 GRADAUC
737 2642 746 2652 .
769 2609 956 2652 EINAUN
978 2611 1115 2653 filium
1136 2611 1278 2653 Rmm
1302 2646 1309 2654 .
1333 2617 1375 2654 εὑ
1406 2612 1567 2655 TUDYR
1596 2613 1774 2656 fratrem
1803 2612 1893 2668 ejus
1925 2646 1932 2655 .
1966 2611 2110 2654 Espos

172 2697 307 2740 filium
331 2698 588 2741 GISTELARD
613 2733 620 2741 .
644 2699 673 2742 J
676 2700 865 2742 ORFERD'
889 2705 931 2742 et
952 2701 1113 2743 RESUM
1136 2704 1283 2744 fratres
1304 2702 1398 2758 ejus
1420 2737 1427 2746 .
1452 2702 1598 2745 ITHEL
1619 2703 1758 2746 filium
1780 2702 1945 2746 GEUGI.
