2425 3423
1941 279 2055 320 2355

980 636 1291 682 MDOXXVI.

170 743 526 792 QUITOLAJM
585 743 672 786 BY
729 743 933 787 DAVID
993 744 1263 798 SPUDUR,
1316 746 1395 789 OF
1445 747 1982 802 BONEVILESTONE,
2033 749 2109 793 TO

311 834 589 878 MARGAM
638 833 867 886 ABBEY,
919 834 997 877 OF
1057 834 1165 878 HIS
1217 835 1392 880 LAND
1453 837 1526 880 IN
1585 838 2110 884 BONEVILESTONE

312 926 448 978 FEE,
500 925 623 967 FOR
673 925 951 968 FIFTEEN
1000 925 1232 970 MARKS.

881 1032 1040 1088 [MARG
1047 1048 1111 1075 AM
1144 1033 1401 1091 CHARTER.]

1929 1130 2052 1172 1281.

221 1233 367 1275 Sciant
396 1234 610 1286 presentes
630 1233 671 1272 et
702 1230 839 1272 futuri
869 1232 984 1285 quod
1009 1246 1089 1286 ego
1120 1232 1275 1274 DAvm
1307 1233 1492 1277 SPUDUR
1522 1236 1575 1277 de
1605 1235 1983 1278 BONEVILESTONE
2014 1238 2112 1280 dedi

163 1327 205 1365 et
224 1321 407 1365 concessi
427 1325 470 1364 et
489 1321 567 1363 hac
588 1321 773 1376 presenti
804 1324 919 1363 carta
939 1337 1034 1363 mea
1065 1324 1309 1366 confirmavi
1340 1324 1434 1367 Deo
1465 1330 1505 1368 et
1527 1327 1697 1369 ecclesie
1717 1327 1839 1369 beate
1871 1327 2028 1370 MAmE
2059 1330 2112 1372 de

163 1413 367 1455 MARGAN
399 1416 441 1455 et
470 1411 688 1454 monachis
717 1411 876 1454 ibidem
907 1411 999 1455 Deo
1031 1414 1310 1457 servientibus
1349 1420 1485 1458 totam
1525 1420 1682 1460 terram
1713 1433 1809 1460 cum
1839 1420 2112 1474 pertinenciis

162 1519 291 1560 quam
331 1505 382 1545 de
424 1503 582 1544 eisdem
617 1502 664 1544 in
709 1503 833 1544 leudo
879 1503 931 1544 de
970 1503 1346 1548 BONEVHAESTONE
1386 1508 1506 1550 tenui
1541 1542 1549 1550 .
1589 1513 1631 1550 et
1672 1510 1807 1564 ipsam
1847 1525 1923 1566 pro
1963 1526 2031 1554 me
2071 1515 2113 1553 et

161 1595 357 1638 omnibus
385 1592 611 1636 heredibus
651 1596 692 1634 et
723 1593 949 1649 assignatis
978 1595 1083 1636 meis
1112 1595 1290 1638 liberam
1321 1603 1363 1639 et
1394 1599 1582 1653 quietam
1613 1599 1927 1656 imperpetuum
1956 1602 2113 1645 eisdem

161 1686 339 1729 clamavi
373 1720 380 1727 .
413 1686 474 1727 ita
504 1687 617 1740 quod
648 1701 725 1727 nec
755 1701 834 1742 ego
865 1702 941 1728 nec
972 1687 1126 1742 aliquis
1156 1688 1359 1730 heredum
1390 1705 1462 1732 seu
1497 1691 1809 1748 assignatorum
1839 1708 2031 1736 meorum
2061 1696 2113 1738 de

157 1779 270 1820 dicta
291 1783 403 1819 terra
423 1792 497 1818 seu
517 1777 790 1832 pertinenciis
818 1777 981 1832 aliquid
1011 1778 1274 1833 inposterum
1305 1780 1474 1836 exigere
1496 1786 1570 1824 aut
1600 1783 1829 1826 reclamare
1859 1785 2105 1839 poterimus.

155 1869 240 1910 Pro
288 1869 367 1910 hac
408 1870 551 1910 autem
602 1868 834 1910 donacione
885 1871 925 1910 et
966 1868 1098 1910 libera
1139 1885 1186 1912 ac
1227 1871 1372 1925 quieta
1413 1872 1665 1915 clamatione
1706 1889 1799 1916 mea
1849 1875 1902 1917 ab
1943 1876 2103 1919 eisdem

160 1959 378 2001 monachis
408 1959 463 2000 ad
495 1958 842 2015 urgentissimam
873 1959 1166 2001 necessitatem
1197 1976 1336 2002 meam
1368 1962 1609 2017 quindecim
1643 1979 1804 2007 marcas
1836 1965 2045 2009 bonorum
2071 1971 2114 2010 et

153 2050 358 2106 legalium
400 2049 705 2104 sterlingorum
746 2049 1018 2104 premanibus
1069 2052 1220 2106 accepi.
1304 2052 1401 2108 Ego
1441 2069 1539 2096 vero
1581 2057 1624 2097 et
1665 2055 1838 2098 heredes
1889 2058 1972 2099 mei
2024 2058 2113 2101 sive

153 2142 359 2196 assignati
389 2140 622 2195 predictam
653 2140 931 2182 donacionem
963 2142 1270 2184 concessionem
1292 2146 1334 2184 et
1364 2144 1554 2198 quietam
1585 2146 1884 2189 clamationem
1921 2150 2109 2204 predicte

155 2235 266 2273 terre
297 2246 392 2273 cum
432 2231 701 2286 pertinentiis
731 2231 1045 2287 imperpetuum
1077 2233 1235 2275 eisdem
1265 2238 1411 2276 contra
1453 2250 1598 2277 omnes
1629 2236 1822 2280 homines
1850 2243 1892 2280 et
1923 2239 2108 2283 feminas

153 2321 537 2365 warantizabimus.
599 2321 662 2365 Vt
683 2326 826 2364 autem
848 2322 925 2364 hec
946 2338 1040 2365 mea
1071 2324 1247 2366 donacio
1279 2325 1423 2380 quieta
1444 2340 1491 2368 ac
1522 2326 1656 2369 libera
1687 2327 1884 2371 clamatio
1914 2330 2036 2372 firma
2067 2334 2109 2374 et

153 2413 317 2456 stabilis
357 2413 412 2455 sit
461 2407 776 2468 imperpetuum
827 2418 868 2455 ct
917 2414 1176 2464 inconcussa,
1228 2419 1467 2470 presentem
1505 2420 1664 2459 cartam
1721 2452 1730 2460 .
1783 2434 1896 2462 anno
1947 2421 2109 2464 domini

153 2505 378 2547 millesimo
399 2504 687 2546 ducentesimo
709 2504 965 2560 octogesimo
985 2505 1137 2560 primo,
1160 2506 1291 2561 sigilli
1315 2507 1397 2548 mei
1419 2507 1692 2561 impressione
1713 2509 1918 2553 roboravi.

209 2595 312 2637 Hiis
332 2594 511 2637 testibus
543 2628 552 2637 .
587 2594 801 2636 HENRICO
832 2610 1010 2650 persona
1041 2597 1094 2638 de
1126 2596 1502 2639 BONEVILESTONE
1535 2632 1543 2640 .
1577 2599 1606 2641 J
1609 2613 1797 2642 oHANNE
1830 2601 2061 2645 SPRINGAL
2094 2638 2103 2646 .

151 2685 370 2727 JOHANNE
392 2685 711 2727 FRANKELEYN
745 2719 753 2727 .
788 2685 1001 2727 Rommo
1034 2686 1190 2728 FAssRo
1224 2721 1231 2729 .
1265 2691 1306 2729 at
1340 2688 1488 2730 multis
1508 2689 1614 2731 aliis.

209 2776 368 2818 Round
389 2776 488 2828 scal,
511 2791 640 2831 green
663 2791 769 2818 wax.
834 2777 855 2817 1
872 2777 930 2818 in.
956 2777 1084 2819 diam.

809 2869 884 2915 ‘4
915 2867 948 2909 s’
983 2902 990 2910 .
1025 2883 1163 2910 DAVIT
1196 2903 1204 2910 .
1239 2869 1444 2911 SPVDVR.'
