2425 3423
1936 284 2048 326 2329

1024 791 1266 835 MDOVII.

169 896 418 940 LETTER
476 897 554 940 OF
620 898 936 942 NIOHOLAS
1005 899 1196 942 POINZ
1263 899 1339 943 TO
1406 901 1682 947 GILBERT
1738 905 1824 947 DE
1885 905 2103 961 OLARE,

314 988 486 1031 EARL
547 989 625 1032 OF
684 989 1088 1032 GLOUOESTER
1144 990 1278 1034 AND
1339 991 1698 1047 HERTFORD,
1753 995 2108 1041 NOTIFYING

311 1079 484 1122 ΤΗΑΤ
536 1079 739 1123 DAVID
790 1079 1118 1123 SGURLAGE
1179 1080 1313 1125 WAS
1370 1082 1447 1125 OF
1507 1083 1678 1127 FULL
1726 1085 1854 1128 ΑΘΕ
1905 1086 2107 1131 WHEN

312 1170 404 1213 ΗΕ
462 1170 647 1213 MADE
709 1171 799 1214 AN
862 1171 1256 1215 AGREEMENT
1321 1173 1497 1217 WITH
1561 1174 1837 1219 MARGAM
1893 1177 2109 1220 ABBEY

312 1261 722 1305 OONOERNING
764 1261 940 1305 LAND
986 1261 1059 1305 IN
1107 1262 1424 1308 LANGEWI.

885 1368 1115 1426 [MARGAM
1148 1370 1404 1428 CHARTER]

1739 1465 1898 1507 ABOUT
1931 1467 2058 1508 1218.

222 1566 460 1609 Karissimo
495 1567 668 1609 domino
699 1582 773 1609 suo
805 1566 856 1610 G.
889 1567 1045 1610 illustri
1075 1569 1221 1611 comiti
1253 1568 1522 1612 GLOUERNIE
1553 1574 1594 1612 et
1637 1569 1941 1613 HERTFORDIE
1973 1571 2109 1614 fidelis

164 1673 265 1701 suus
286 1657 343 1700 N.
369 1657 509 1699 Pomz
532 1657 714 1700 salutem
735 1663 777 1700 et
797 1659 1029 1702 servitium.

226 1749 378 1792 Sciatis
399 1749 574 1791 domine
599 1750 711 1804 quod
731 1749 887 1792 DAvn)
908 1749 1142 1793 SCURLAGE
1165 1752 1250 1793 fuit
1269 1751 1456 1806 plenarie
1478 1752 1602 1795 etatis
1623 1753 1792 1808 quando
1814 1753 2112 1796 conventiones

163 1843 339 1886 fuerunt
369 1842 481 1885 facte
517 1842 630 1884 inter
661 1856 760 1884 eum
790 1844 831 1882 et
863 1842 1037 1882 domum
1068 1842 1119 1883 de
1150 1841 1355 1884 MARGAN
1385 1843 1437 1884 de
1466 1845 1578 1884 terra
1609 1843 1660 1885 de
1691 1842 1930 1885 LANGEWY
1963 1844 2112 1887 .Nam

165 1933 273 1977 bene
294 1937 394 1975 ante
415 1932 526 1974 illud
548 1935 718 1988 tempus
737 1931 783 1973 in
803 1931 1007 1973 comitatu
1027 1932 1078 1973 de
1100 1931 1317 1974 KAERDIF
1337 1933 1554 1988 recognita
1573 1933 1658 1975 fuit
1688 1933 1782 1989 ejus
1812 1937 1900 1976 etas
1923 1968 1931 1977 .
1956 1935 2113 1978 scilicet

165 2025 335 2080 quando
356 2022 657 2066 disrationavit
676 2025 835 2064 terram
855 2036 975 2064 suam
996 2025 1142 2064 contra
1165 2022 1457 2065 REIMUNDUM
1477 2023 1654 2066 fratrem
1680 2040 1804 2067 suum
1828 2025 2076 2068 bastardum
2098 2060 2107 2070 .

164 2119 206 2158 et
227 2119 371 2172 postea
392 2118 538 2158 contra
558 2129 626 2156 me
647 2113 869 2169 placitavit
899 2113 944 2154 in
976 2113 1182 2155 comitatu
1212 2114 1264 2155 de
1294 2113 1509 2156 KAERDIF
1539 2129 1665 2170 super
1694 2116 1841 2158 eodem
1871 2116 2026 2158 feoudo
2057 2118 2109 2160 de

164 2207 401 2251 LANGEWY
433 2241 442 2249 .
475 2206 584 2248 sicut
613 2205 810 2248 dominus
839 2208 948 2247 terre
979 2209 1020 2246 et
1050 2204 1239 2260 plenarie
1269 2205 1406 2247 etatis.
1467 2204 1527 2247 Et
1557 2205 1656 2260 quia
1686 2206 1738 2248 de
1770 2206 1861 2249 visu
1891 2209 1934 2249 et
1955 2208 2106 2250 auditu

161 2314 302 2342 secure
332 2312 503 2353 possum
535 2296 752 2339 testificari
781 2296 1016 2347 veritatem,
1048 2296 1124 2338 hec
1154 2296 1309 2338 mando
1340 2296 1587 2339 excellentie
1617 2300 1752 2339 vestre
1782 2297 1827 2339 in
1859 2298 1941 2340 fide
1971 2314 2100 2354 quam

164 2389 283 2433 vobis
304 2388 447 2431 debeo.

221 2481 374 2525 Valete
395 2479 565 2522 domine
585 2478 815 2521 karissime.

220 2570 451 2627 Imperfect
474 2569 572 2621 seal‚
596 2584 651 2611 an
674 2568 939 2611 ornamenta]
961 2568 1114 2610 flower.

785 2664 794 2681 ‘
816 2666 857 2707 4-
887 2674 905 2700 s
939 2692 1209 2701 .......
1247 2657 1480 2715 [Pv]NT11.'

720 2750 767 2779 Cf.
783 2759 802 2778 a
818 2750 896 2779 deed
912 2749 1052 2786 rehffing
1067 2752 1101 2778 to
1118 2749 1184 2778 this
1198 2752 1328 2787 matter,
1343 2748 1404 2778 No.
1420 2748 1550 2778 CCXV.

366 3173 458 3208 1211
