2425 3423
275 158 391 200 2104

214 365 244 409 J
246 379 363 407 AMES
403 378 457 421 ap
498 361 723 407 WILLIAM
759 359 865 403 doth
905 372 1066 413 convey
1106 361 1151 400 to
1183 357 1301 400 them
1341 371 1421 400 one
1461 370 1682 412 messuage
1722 370 1769 398 or
1808 353 2003 396 mansion
2041 353 2173 396 house

216 454 403 497 wherein
463 453 698 496 NICHOLAS
755 450 952 493 Ammon
1012 464 1109 491 now
1163 447 1364 490 dwelleth
1420 448 1506 490 and
1550 462 1630 490 one
1683 446 1805 489 other
1858 459 2080 501 messuage
2131 459 2178 487 or

215 545 421 601 dwelling
440 544 572 588 house
592 541 780 586 wherein
801 540 946 584 OwEN
960 539 1143 583 HUGHE
1164 538 1365 582 dwelleth
1386 541 1431 581 at
1447 538 1723 580 Cowssmnon
1744 537 1831 579 and
1851 536 1924 578 the
1943 535 2177 578 reversions

214 636 259 680 of
280 636 411 679 them.
474 634 538 677 To
562 634 667 677 have
689 637 754 676 etc
777 666 786 675 .
812 666 820 675 .
846 665 856 675 .
879 631 952 673 the
986 645 1101 673 same
1121 636 1167 673 to
1187 629 1306 672 them
1326 629 1439 672 their
1458 629 1571 672 heirs
1592 630 1678 671 and
1700 627 1864 684 assigns
1883 632 1928 669 to
1948 626 2060 669 their
2081 641 2176 669 own

216 742 291 770 use
322 728 408 770 and
438 725 594 770 behoof
625 725 710 767 and
740 723 852 766 their
881 723 994 766 heirs
1025 724 1090 764 eto
1112 754 1121 764 .
1147 755 1156 764 .
1181 754 1191 764 .
1213 721 1281 764 for
1301 736 1410 773 ever,
1432 720 1658 777 according
1677 723 1722 763 to
1742 719 1816 762 the
1837 719 1909 761 old
1928 733 2064 761 meres
2093 718 2180 760 and

219 818 399 862 markes.

280 908 379 951 Seal
400 922 523 964 gone.

279 1000 578 1043 Endorsed--‘
593 997 830 1040 Irrotulata
872 995 1012 1039 rotulo
1053 994 1192 1051 primo
1233 993 1428 1036 sessionis
1469 992 1678 1049 generalis
1707 995 1824 1035 tento
1865 993 1979 1049 apud
2021 991 2185 1035 Cardjff

224 1106 283 1133 lx,
309 1090 401 1134 Oct.
426 1091 482 1132 24
504 1089 760 1132 Elizabeth.'
1699 1083 1881 1126 Rmzus
1921 1083 2119 1126 Mnfflnz.

1037 1292 1383 1338 MCOGCLXV.

222 1408 267 1451 A
317 1407 490 1451 BOND
542 1406 629 1449 BY
680 1404 939 1449 THOMAS
989 1403 1072 1446 ΑΡ
1124 1401 1358 1445 ROSSER
1408 1399 1544 1443 AND
1600 1398 1847 1442 OTHERS
1905 1398 1981 1441 ΤΟ
2034 1399 2182 1442 RIOE

371 1498 565 1542 LLOID
625 1497 698 1540 IN
758 1495 968 1539 FORTY
1029 1492 1294 1544 POUNDS,
1366 1491 1442 1535 ΤΟ
1503 1489 1746 1534 SECURE
1807 1489 2181 1534 PEAOEABLE

370 1588 734 1634 POSSESSION
778 1587 857 1630 OF
889 1585 1066 1629 LAND
1117 1584 1189 1627 IN
1243 1581 1695 1626 BYSSHOPSTON.

950 1693 1182 1750 [MARGAM
1214 1689 1472 1747 CHARTER]

1317 1783 1368 1824 10
1400 1781 1665 1824 FEBRUARY.
1727 1782 1783 1823 26
1814 1781 1938 1824 ΕΗΖ.
2004 1783 2128 1825 1584.

287 1897 502 1942 Noverint
547 1895 736 1938 universi
784 1909 859 1950 per
909 1896 1125 1950 presentes
1175 1906 1252 1934 nos
1303 1890 1509 1932 THOMAM
1560 1904 1614 1945 ap
1664 1888 1839 1931 RossER
1888 1890 2085 1945 parochie
2135 1891 2188 1934 de

234 1991 571 2034 BISSHOPSTONE
594 1988 639 2029 in
661 1986 866 2029 comitatu
888 1984 1177 2027 GLAMORGAN
1200 1996 1465 2039 generosum,
1489 1980 1703 2023 OWENUM
1728 1981 1971 2022 APPENRIE
1996 1981 2192 2037 parochie

232 2083 284 2125 de
325 2077 650 2123 LLANRIDEAN'
692 2077 739 2119 in
781 2076 986 2119 comitatu
1026 2075 1215 2131 predicto
1252 2086 1519 2129 generosum,
1558 2074 1600 2114 et
1640 2070 1884 2113 MATHEUM
1926 2071 2098 2114 RossER
2140 2073 2192 2116 de

233 2172 434 2230 parochia
474 2171 526 2213 de
568 2169 866 2212 B1ss0PsT0NE
904 2167 1095 2223 predicta
1134 2166 1180 2208 in
1221 2164 1427 2208 comitatu
1466 2163 1655 2219 predicto
1690 2177 1944 2219 generosum
1976 2164 2112 2206 teneri
2153 2167 2195 2207 et

235 2264 414 2307 firmiter
436 2261 619 2318 obligari
641 2260 784 2303 Rmso
805 2258 952 2301 me
975 2258 1026 2300 de
1049 2257 1408 2300 OISTERMOUTHE
1429 2255 1474 2297 in
1497 2254 1700 2297 comitatu
1720 2254 1910 2309 predicto
1931 2269 2134 2311 generoso
2149 2256 2196 2298 in

240 2354 527 2413 quadraginta
547 2351 668 2394 libris
688 2351 798 2394 bone
820 2353 862 2393 et
882 2349 1035 2406 legalis
1056 2351 1225 2391 monete
1254 2347 1439 2389 ANGLIE
1471 2345 1682 2388 solvendis
1711 2345 1850 2387 eidem
1881 2344 2023 2388 RmEo
2054 2345 2199 2389 LL01D

237 2450 313 2490 aut
344 2460 418 2488 suo
449 2447 561 2486 certo
593 2445 809 2486 attornato
840 2440 1067 2484 heredibus
1097 2437 1392 2482 executoribus
1424 2437 1490 2480 vel
1521 2436 1747 2493 assignatis
1777 2436 1864 2478 suis
1906 2470 1915 2479 .
1958 2437 2032 2479 Ad
2067 2453 2196 2494 quam

241 2538 415 2595 quidem
451 2534 709 2578 solucionem
744 2532 852 2576 bene
893 2536 936 2575 et
976 2531 1159 2574 fideliter
1198 2530 1445 2572 faciendum
1486 2528 1726 2584 obligamus
1766 2542 1842 2570 nos
1882 2531 1923 2570 et
1965 2529 2200 2584 quemlibet

238 2632 432 2672 nostrum
452 2642 528 2683 per
541 2640 584 2668 se
604 2640 680 2681 pro
701 2627 792 2667 toto
813 2627 856 2667 et
877 2624 919 2666 in
939 2623 1123 2666 solidum
1137 2622 1312 2664 heredes
1333 2623 1576 2663 executores
1595 2622 1637 2661 et
1657 2618 2020 2662 administratores
2036 2624 2200 2665 nostros

240 2720 419 2763 firmiter
440 2733 515 2774 per
536 2719 752 2772 presentes
774 2715 928 2771 sigillis
949 2713 1104 2756 nostris
1126 2713 1348 2768 sigillatas.

296 2809 400 2853 Dat’
425 2808 587 2851 decimo
608 2807 677 2848 die
699 2805 924 2848 Februarii
946 2820 1059 2847 anno
1080 2804 1204 2860 regni
1235 2803 1407 2845 domine
1438 2805 1580 2844 nostre
1611 2800 1908 2843 ELIZABETHE
1940 2801 2024 2844 Dei
2055 2803 2197 2859 gracia

243 2902 429 2945 ANGLIE
451 2899 690 2940 FRAUNCIE
712 2900 755 2939 et
777 2896 1018 2938 HIBERNIE
1039 2895 1186 2951 regine
1207 2894 1307 2937 fidei
1329 2893 1561 2936 defensoris
1581 2892 1779 2935 vicesimo
1808 2897 1938 2935 sexto.
