2425 3423
355 270 468 312 2268

1106 511 1363 557 MDXLVI
1371 546 1380 556 .

295 634 510 678 GRANT
562 634 697 678 AND
752 634 1236 679 OONFIRMATION
1288 636 1376 680 BY
1422 636 1716 680 MAURIOE
1762 636 1846 680 DE
1892 635 2238 681 LONDONIIS

475 742 552 786 ΤΟ
592 741 879 786 EWENNY
919 742 1160 786 PRIORY
1199 744 1278 786 OF
1317 744 1598 788 VARIOUS
1639 743 2047 787 POSSESSIONS.

1007 866 1238 922 [MARGAM
1271 867 1530 925 CHARTER.]

1519 975 1752 1017 BETWEEN
1787 976 1897 1018 1139
1929 989 2023 1017 AND
2056 976 2179 1017 1149.

344 1117 604 1160 MAnmcms
635 1117 688 1159 de
718 1115 970 1159 LONDONIIS
1001 1114 1198 1158 omnibus
1234 1114 1422 1157 CHRISTI
1454 1115 1625 1158 ecclesie
1651 1116 1750 1159 filiis
1779 1120 1971 1159 eternam
1991 1116 2173 1159 salutem
2192 1116 2238 1158 in

287 1209 476 1252 domino.

342 1299 526 1343 Noverit
565 1299 819 1341 universitas
847 1301 986 1340 vestra
1016 1312 1084 1340 me
1117 1311 1262 1340 omnes
1287 1298 1541 1340 donaciones
1571 1313 1676 1354 quas
1705 1298 1789 1342 feci
1818 1298 2026 1355 prioratui
2061 1313 2154 1341 meo
2186 1299 2239 1341 de

282 1392 449 1434 EwEm
500 1391 781 1434 construendo
832 1390 939 1432 sicut
987 1389 1033 1431 in
1074 1388 1200 1431 cartis
1239 1390 1345 1431 meis
1385 1389 1627 1432 continetur
1660 1390 1897 1445 expressius
1937 1390 1983 1432 in
2023 1389 2239 1446 presencia

280 1482 444 1525 domini
493 1482 579 1524 mei
628 1486 670 1524 et
721 1481 853 1536 patris
894 1479 1126 1535 spiritualis
1167 1479 1331 1522 domini
1381 1479 1563 1522 mem
1619 1481 1712 1534 (ὢν
1762 1480 1998 1535 VTRED1?)
2055 1480 2238 1536 episcopi

279 1573 600 1617 LANDAVENSIS
651 1572 730 1614 hac
782 1571 969 1627 presenti
1018 1573 1134 1613 carta
1189 1585 1285 1613 mea
1325 1571 1593 1613 confirmasse
1634 1585 1807 1613 assensu
1848 1571 2043 1627 ejusdem
2083 1571 2241 1614 scilicet

277 1665 496 1709 ecclesiam
517 1663 665 1707 Sancti
685 1663 946 1705 MICHAELIS
968 1677 1065 1705 cum
1094 1662 1198 1705 villa
1218 1663 1272 1705 de
1302 1662 1468 1704 Ewssm
1499 1677 1595 1704 cum
1626 1662 1872 1704 molendino
1903 1662 1956 1704 de
1977 1662 2108 1706 Vmo
2130 1661 2236 1704 sicut

274 1771 466 1812 unquam
498 1755 649 1798 melius
680 1758 721 1797 et
752 1753 926 1797 liberius
957 1754 1074 1809 prius
1106 1753 1227 1796 tenui
1258 1757 1301 1796 et
1332 1753 1554 1796 ecclesiam.
1580 1752 1734 1796 Sancte
1766 1753 1968 1795 BRmmE
2001 1767 2098 1795 cum
2127 1752 2231 1795 villa

277 1848 426 1890 eadem
457 1850 499 1889 et
530 1845 747 1889 ecclesiam
792 1846 844 1887 de
881 1844 1273 1887 COLEWINESTUNE
1314 1848 1357 1886 et
1397 1859 1543 1886 omnes
1584 1844 1777 1886 ecclesias
1813 1858 1928 1886 meas
1963 1844 2016 1886 de
2050 1843 2238 1886 Bal-onia

277 1953 372 1981 mea
411 1952 509 1981 cum
544 1938 667 1980 terris
707 1940 749 1979 et
794 1937 968 1979 decimis
1008 1937 1063 1979 ad
1112 1937 1282 1979 easdem
1324 1934 1639 1992 pertinentibus
1680 1937 1723 1977 et
1768 1949 1914 1977 omnes
1954 1935 2234 1991 possessiones

278 2044 383 2085 quas
423 2029 548 2071 modo
587 2027 747 2071 habent
789 2029 855 2069 vel
897 2028 978 2070 sibi
1018 2028 1241 2084 adquirere
1282 2031 1482 2084 poterunt
1534 2028 1586 2069 de
1627 2027 1756 2069 feudo
1797 2041 1892 2068 meo
1932 2029 1982 2069 ut
2031 2027 2146 2082 prior
2196 2031 2239 2069 et

278 2120 475 2163 monachi
515 2121 569 2162 de
609 2119 775 2161 EWENI
821 2119 966 2161 omnia
1017 2119 1207 2174 predicta
1258 2118 1415 2174 absque
1461 2118 1704 2173 aliquorum
1744 2117 1940 2159 molestia
1989 2118 2034 2159 in
2084 2132 2236 2173 puram

275 2214 318 2254 et
350 2213 598 2267 perpetuam
634 2210 900 2253 elimosinam
932 2210 1104 2265 pacifice
1135 2209 1379 2266 possideant
1419 2208 1576 2264 absque
1617 2208 1735 2251 omni
1774 2212 1943 2250 terreno
1984 2208 2158 2251 servicio
2194 2212 2237 2250 et

279 2302 493 2345 demanda
525 2335 533 2343 .
567 2300 628 2343 Et
648 2316 728 2358 ego
750 2301 817 2342 vel
838 2300 1014 2343 heredes
1044 2301 1129 2342 mei
1160 2315 1304 2343 omnes
1334 2300 1522 2356 prefatas
1553 2299 1808 2342 donaciones
1839 2302 2060 2354 tamquam
2082 2313 2235 2355 puram

279 2397 321 2436 et
370 2392 586 2449 propriam
646 2392 912 2435 elimosinam
968 2394 1114 2435 contra
1165 2406 1310 2434 omnes
1360 2390 1733 2434 warantizabimus
1783 2393 1825 2432 et
1871 2390 2044 2433 domino
2094 2390 2238 2433 comiti

279 2469 591 2527 GLOUCESTRIE
624 2497 700 2538 pro
733 2482 845 2524 dicto
879 2483 1017 2538 priore
1048 2486 1090 2524 et
1124 2497 1199 2538 pro
1230 2481 1475 2524 hominibus
1511 2481 1597 2523 suis
1617 2484 1706 2523 tam
1738 2481 1792 2523 ad
1824 2481 2075 2524 comitatum
2106 2496 2235 2537 quam

279 2574 383 2617 alibi
414 2588 490 2630 pro
521 2573 719 2616 omnibus
748 2573 1098 2629 respondebimus
1131 2608 1138 2615 .
1173 2573 1232 2615 Et
1264 2574 1456 2615 decetero
1487 2573 1595 2614 sicut
1628 2586 1704 2613 nec
1735 2571 1868 2626 prius¹
1901 2586 1978 2613 nec
1999 2572 2153 2627 aliquis
2183 2573 2236 2615 de

277 2664 523 2709 hominibus
543 2664 648 2707 meis
669 2664 834 2720 aliquid
855 2679 1078 2706 commune
1108 2663 1264 2707 habeat
1285 2664 1331 2706 in
1352 2663 1443 2720 jam
1473 2663 1587 2705 dicta
1617 2665 1729 2704 terra
1760 2662 1911 2717 prioris
1943 2666 2005 2704 set
2026 2663 2116 2718 ipse
2137 2677 2234 2706 cum

281 2756 528 2799 hominibus
549 2756 636 2798 suis
656 2757 709 2798 de
731 2755 888 2798 Sancta
918 2755 1121 2798 BmeA
1152 2754 1308 2798 habeat
1337 2769 1606 2797 communem
1636 2756 1854 2809 pasturam
1874 2768 2020 2796 versus
2050 2757 2234 2797 castrum

279 2849 331 2890 de
359 2846 627 2889 HUGEMORE
661 2879 669 2888 .
702 2846 763 2888 Et
794 2847 904 2889 addo
936 2846 1075 2889 adhuc
1105 2861 1201 2888 cum
1231 2845 1458 2888 heredibus
1487 2844 1592 2886 meis
1622 2843 1802 2886 firmiter
1822 2844 2090 2886 concedendo
2121 2844 2234 2887 dicto

277 2938 486 2995 prioratui
519 2940 676 2979 terram
707 2938 760 2979 de
789 2936 948 2979 VALLE
983 2951 1064 2992 que
1096 2936 1181 2979 fuit
1212 2936 1376 2978 EDRICI
1411 2934 1668 2977 vicecomitis
1700 2948 1753 2975 ex
1785 2938 1965 2990 utraque
1995 2937 2116 2990 parte
2145 2935 2236 2991 ripe

278 3044 412 3085 usque
433 3029 488 3070 ad
508 3027 681 3070 boscum
704 3027 912 3070 Roman
934 3042 992 3069 DE
1013 3026 1260 3069 LANDENEI
1296 3027 1390 3081 (for
1410 3025 1674 3079 LANDEUEI)
1702 3058 1710 3067 .
1745 3023 1805 3066 Et
1834 3024 1953 3066 illam
1983 3025 2237 3067 nominatim
