2425 3423
1905 296 2015 337 2199

977 501 1212 545 MDVIII.

128 611 515 655 SURRENDER
555 610 641 654 BY
676 608 933 652 THOMAS
983 608 1064 651 ΑΡ
1100 608 1373 661 ΤΗΟΜΑΞ
1425 609 1611 653 ALIAs
1669 609 1851 662 GOOH,
1899 608 1977 651 OF
2027 609 2071 652 A

513 699 862 745 TENEMENT
892 699 965 742 IN
1005 699 1412 743 LLANHARRY
1454 701 1692 744 MANOR.

910 806 1129 863 [FoNMoN
1170 806 1289 864 MS]

1324 883 1376 923 19
1409 882 1527 924 AUG.
1591 883 1616 922 9
1649 881 1783 924 GHAs.
1818 880 1854 923 I.
1921 881 2042 922 1633.

126 992 371 1035 Manerium
390 993 442 1035 de
614 989 742 1032 Curia
782 988 1013 1045 prenobilis
1054 988 1259 1031 Rossmm
1301 989 1464 1031 comitis
1504 988 1775 1031 LnicESTRIE
1817 987 2073 1031 vicecomitis

127 1083 428 1126 LLANHARRY.
446 997 474 1128 }
527 1081 664 1124 LISLE
685 1080 848 1123 domini
868 1079 1052 1122 SYDNEY
1073 1080 1125 1121 de
1146 1079 1416 1121 PENSHURST
1436 1095 1484 1122 ac
1505 1079 1668 1122 domini
1689 1079 1869 1122 manerii
1890 1078 2069 1134 predicti

124 1177 245 1217 tenta
265 1175 379 1230 apud.
398 1173 658 1216 LANHARRY
679 1172 747 1214 die
770 1172 821 1213 19
843 1170 1035 1227 Augusti
1056 1185 1169 1213 anno
1189 1171 1314 1227 regni
1344 1171 1506 1213 domini
1535 1170 1706 1213 CAROLI
1739 1186 1854 1212 nunc
1881 1169 2064 1212 ANGLIE

128 1269 205 1308 etc.
231 1300 239 1307 .
266 1299 274 1308 .
299 1299 307 1307 .
330 1279 442 1307 nono
477 1278 671 1319 annoque
702 1261 881 1305 Domini
919 1262 1029 1304 1633
1058 1277 1198 1304 coram
1227 1262 1531 1304 HUMPHREDO
1566 1261 1822 1306 WYNDHAM
1858 1262 2069 1317 armigero

131 1356 357 1400 senescallo
377 1355 547 1397 ibidem.

186 1446 260 1489 Ad
279 1447 389 1488 hanc
408 1445 566 1488 curiam
587 1444 703 1488 venit
724 1443 912 1487 THOMAS
933 1460 987 1499 ap
1009 1444 1200 1487 THOMAs
1221 1448 1264 1487 et
1285 1459 1451 1486 sursum
1472 1444 1660 1486 reddidit
1680 1444 1726 1485 in
1742 1458 1894 1485 manus
1909 1441 2072 1484 domini

128 1552 204 1593 per
243 1537 517 1579 senescallum
565 1550 689 1578 suum
728 1535 968 1590 predictum
1008 1538 1148 1577 totum
1187 1535 1258 1591 jus
1291 1550 1415 1577 suum
1455 1535 1657 1577 clamium
1696 1534 1874 1576 titulum
1914 1536 2074 1575 statum

130 1629 385 1671 demandam
406 1630 448 1670 et
468 1628 664 1670 interesse
685 1628 737 1669 de
757 1632 799 1669 et
819 1626 866 1669 in
887 1626 1084 1669 omnibus
1113 1627 1198 1668 suis
1226 1627 1348 1669 terris
1378 1626 1631 1669 tenementis
1658 1629 1700 1668 et
1724 1623 2074 1667 hereditamentis

135 1752 381 1761 ........
404 1733 501 1761 oum
521 1718 605 1761 suis
624 1717 896 1774 pertinenciis
915 1717 1156 1774 jacentibus
1187 1721 1229 1759 et
1259 1717 1539 1760 existentibus
1570 1716 1685 1758 infra
1713 1715 1952 1758 manerium
1982 1729 2075 1769 pre-

130 1811 292 1853 dictum
312 1812 439 1866 prout
458 1824 532 1865 per
551 1812 684 1851 metas
706 1811 748 1851 et
768 1808 934 1851 bundas
955 1808 1040 1851 illis
1061 1808 1113 1851 ab
1144 1808 1320 1863 antiquo
1350 1808 1556 1850 limitatas
1584 1810 1626 1849 et
1662 1806 1855 1861 cognitas
1884 1806 1939 1848 ad
1972 1820 2076 1860 opus

135 1903 177 1944 et
228 1915 351 1943 usum
395 1899 548 1942 DAvn)
589 1914 642 1954 ap
681 1899 710 1941 J
714 1914 835 1941 EVAN
877 1904 919 1941 et
964 1899 1169 1941 heredum
1219 1914 1392 1941 suorum
1441 1898 1796 1941 custumariorum
1847 1897 2079 1939 secundum

135 1991 482 2034 consuetudinem
521 1989 698 2032 manerii
737 1990 919 2046 predicti
958 1991 1004 2032 in
1044 1992 1309 2046 perpetuum.
1393 1989 1453 2032 Et
1498 1991 1553 2032 ad
1598 1989 1708 2031 hanc
1758 1988 1919 2030 curiam
1961 1987 2077 2029 venit

134 2083 324 2138 prefatus
354 2081 506 2123 DAvm
536 2096 589 2136 ap
629 2079 658 2123 J
661 2095 782 2122 EVAN
814 2084 856 2123 et
887 2081 999 2137 cepit
1031 2082 1084 2123 de
1120 2081 1286 2137 prefato
1322 2081 1494 2123 domino
1530 2095 1605 2136 per
1639 2079 1918 2122 senescallum
1952 2092 2077 2120 suum

132 2173 370 2229 predictum
408 2177 563 2214 terram
601 2172 835 2227 predictam
871 2188 918 2214 ac
958 2176 1096 2215 cetera
1131 2173 1334 2228 premissa
1368 2172 1512 2215 omnia
1546 2186 1644 2214 cum
1680 2171 1766 2213 suis
1802 2169 2074 2225 pertinenciis

132 2263 378 2307 habendum
398 2266 440 2306 et
458 2264 690 2305 tenendum
715 2264 882 2319 prefato
912 2264 1068 2306 DAvm
1094 2279 1147 2319 ap
1172 2264 1202 2307 J
1206 2278 1327 2305 EVAN
1355 2267 1398 2306 et
1428 2262 1654 2305 heredibus
1689 2262 1775 2304 suis
1811 2260 2074 2304 customariis

133 2356 363 2398 secundum
393 2356 738 2398 consuetudinem
758 2355 938 2398 manerii
958 2355 1137 2411 predicti
1157 2355 1203 2397 in
1223 2357 1478 2410 perpetuum
1498 2369 1574 2410 pro
1594 2352 1833 2396 redditibus
1846 2356 1889 2394 et
1904 2352 2074 2394 servitio

133 2447 234 2489 inde
254 2446 371 2501 prius
391 2446 542 2488 debitis
562 2450 604 2488 et
624 2447 676 2489 de
696 2446 792 2502 jure
813 2447 1023 2490 consuetis
1044 2450 1087 2488 et
1109 2479 1290 2489 ......
1314 2447 1456 2488 dando
1477 2460 1554 2501 pro
1574 2444 1750 2486 licencia
1777 2442 2070 2485 alienationis:

133 2540 235 2580 11ch'.
259 2543 301 2579 et
320 2552 395 2593 pro
415 2537 619 2580 herriotta
646 2552 829 2580 xxxms.
865 2540 982 2580 111Jcl.
1016 2540 1058 2579 et
1087 2537 1297 2580 admissus
1324 2540 1386 2579 est
1413 2536 1513 2579 inde
1538 2539 1700 2578 tenens.
1762 2534 1818 2576 In
1855 2533 1978 2589 cujus
2011 2533 2073 2575 rei

132 2628 422 2671 testimonium
441 2629 539 2671 huic
558 2629 743 2684 presenti
763 2629 879 2684 copie
903 2662 911 2670 .
937 2662 945 2670 .
971 2661 979 2670 .
1006 2662 1014 2670 .
1042 2627 1104 2684 [r]
1113 2629 1219 2671 otuli
1239 2628 1430 2684 sigillum
1449 2641 1593 2669 meum
1620 2625 1809 2681 apposui.

194 2718 304 2771 Seal,
325 2721 400 2761 red
419 2735 526 2771 wax,
548 2720 739 2763 defaced.

195 2809 326 2865 Copia
373 2825 471 2853 vera
519 2813 770 2854 concordata
819 2826 915 2854 cum
964 2811 1165 2867 originali
1205 2814 1247 2853 et
1288 2811 1529 2852 examinata
1578 2823 1653 2863 per
1701 2821 1769 2848 me
1818 2805 1847 2848 J
1850 2819 2075 2848 OHANNEM

137 2901 347 2943 Ponam
370 2934 649 2944 .........
672 2902 843 2944 ibidem.

191 2992 483 3034 Endorsed—‘
499 2992 685 3036 Thomas
705 3009 758 3049 ap
780 2993 966 3036 Thomas
987 2993 1092 3035 alias
1114 2992 1246 3044 Goeh,
1268 2992 1334 3034 his
1359 2991 1584 3034 surrender
1611 2989 1656 3032 of
1684 2988 1758 3031 the
1786 2991 2004 3030 tenement
2031 2987 2078 3029 in

134 3082 390 3138 Llanharry.
397 3082 407 3100 '
