2425 3423
302 283 414 324 2382

307 491 504 535 Testibus
536 526 544 534 .
579 491 747 534 THOMA
788 490 1086 533 TURBERVILE
1129 525 1138 535 .
1179 492 1399 536 JOHANNE
1441 494 1683 535 ANDREWE
1724 527 1734 537 .
1779 493 1991 536 Romano
2031 494 2154 537 Rxs'r'
2187 528 2196 537 .

251 575 472 619 JOHANNE
503 575 666 617 Moms.

306 658 471 700 Datum
492 658 606 713 apud
628 656 861 698 PENMARK
884 689 893 698 .
920 656 1045 699 tertio
1075 657 1238 699 decimo
1267 658 1336 700 die
1366 659 1522 701 mensis
1543 658 1651 715 Maij
1685 674 1798 701 anno
1819 658 1954 715 Regis
1973 659 2200 702 EDWARDI

252 740 369 782 tertii
390 740 602 782 tricesimo
624 744 755 781 sexto.

310 822 436 866 With
456 823 595 879 rough
616 823 809 878 drawing
829 822 875 864 of
904 837 929 863 a
950 823 1036 864 seal
1056 821 1235 878 bearing
1256 838 1280 864 a
1301 823 1436 865 shield
1458 823 1503 865 of
1534 839 1670 865 arms:
1703 839 1728 865 a
1747 823 1861 866 bend
1881 824 2074 881 lozengy.

1045 1012 1407 1056 MDOXLVIII.

250 1112 478 1157 POWER,
500 1114 578 1156 OF
610 1114 965 1167 ATTORNEY,
990 1113 1073 1156 BY
1104 1113 1399 1157 WILLIAM
1420 1114 1723 1167 ANDREW,
1747 1115 1825 1157 OF
1856 1114 2204 1168 ESTBARRY,

400 1196 474 1239 TO
498 1196 605 1239 HIS
626 1196 744 1239 SON
775 1196 1080 1248 RIGHARD,
1105 1195 1181 1238 ΤΟ
1212 1195 1501 1240 DELIVER
1522 1197 1732 1240 LANDS
1755 1197 1826 1239 IN
1858 1196 2203 1240 SENATHAN

399 1279 496 1329 (ST.
559 1279 864 1333 ATHAN’S),
916 1280 1060 1332 ETO„
1118 1281 1195 1323 TO
1254 1281 1423 1324 JOHN
1474 1280 1768 1331 DAUKYN,
1820 1280 2066 1323 REOTOR
2125 1279 2205 1322 OF

397 1362 724 1414 PENMARK,
757 1363 890 1405 AND
922 1364 951 1407 J
955 1363 1091 1406 OHN
1122 1364 1341 1416 DAVID,
1375 1363 1621 1407 REOTOR
1652 1363 1731 1405 OF
1761 1362 2088 1406 JELESTON.

322 1460 572 1517 [Bn.0‹m:’s
625 1461 732 1513 MS„
776 1476 1032 1504 BELONGING
1084 1477 1137 1504 To
1177 1478 1268 1505 THE
1312 1462 1558 1507 MARQuEss
1598 1476 1652 1503 oF
1696 1462 1825 1505 BUTE
1867 1477 1921 1504 AT
1971 1461 2141 1504 Momwr

966 1536 1156 1587 STUART,
1199 1536 1481 1592 Romana]

1429 1638 1453 1677 5
1486 1636 1596 1678 FER.
1660 1637 1685 1677 3
1717 1635 1843 1677 HEN.
1876 1635 1958 1678 VI.
2024 1637 2146 1678 1425.

311 1723 522 1766 Noverint
568 1725 754 1766 universi
795 1740 869 1780 per
909 1731 1123 1781 presentes
1163 1741 1230 1768 me
1273 1726 1572 1769 WILLELMUM
1623 1727 1832 1768 ANDREW
1874 1727 1927 1769 de
1967 1727 2207 1769 EsTBARRY

253 1812 486 1850 attornasse
518 1813 558 1849 et
591 1810 634 1849 in
667 1809 756 1850 loco
787 1824 882 1851 meo
917 1809 1102 1864 posuisse
1138 1809 1341 1851 dilectum
1384 1809 1429 1851 in
1472 1809 1666 1852 OHms'ro
1709 1809 1955 1851 RICARDUM
1995 1810 2209 1852 ANDREW

253 1891 389 1933 filium
424 1906 565 1933 meum
596 1892 650 1933 ad
686 1891 1009 1934 deliberandum
1040 1892 1212 1934 nomine
1254 1907 1348 1934 meo
1378 1892 1550 1947 plenam
1588 1895 1629 1933 et
1664 1891 1882 1946 pacificam
1919 1892 2116 1934 seisinam
2157 1893 2209 1935 de

254 1974 451 2016 omnibus
501 1974 623 2015 terris
664 1978 704 2015 et
746 1975 1001 2017 tenementis
1041 1975 1175 2030 pratis
1224 1975 1407 2030 pasturis
1458 1977 1500 2016 et
1550 1974 1679 2016 vastis
1730 1989 1825 2015 cum
1879 1973 2076 2017 omnibus
2126 1975 2211 2018 suis

255 2057 524 2112 pertinentiis
559 2072 639 2112 que
675 2057 809 2099 habeo
842 2058 887 2099 in
920 2058 1033 2099 villis
1067 2059 1118 2099 de
1155 2057 1404 2099 SENATHAN
1441 2091 1448 2098 .
1488 2057 1518 2099 J
1522 2071 1703 2099 ELISTON
1742 2091 1750 2098 .
1786 2057 2135 2100 EGLOYPREWYE
2169 2062 2212 2101 et

255 2139 602 2182 FLEMINGlsTox
633 2141 747 2182 infra
767 2140 941 2182 feodum
972 2141 1137 2183 comitis
1169 2140 1535 2182 GLAMORGANCIE
1565 2139 1775 2181 JOHANNI
1815 2139 2020 2181 DAUKYN
2062 2142 2212 2184 rectori

256 2223 426 2266 ecclesie
447 2224 499 2264 de
531 2223 763 2265 PENMARK
795 2227 837 2266 et
867 2223 895 2266 J
899 2238 1074 2265 OHANNI
1107 2224 1260 2266 DAVm
1291 2223 1489 2280 1·ector[i]
1517 2223 1685 2265 ecclesie
1716 2223 1768 2264 de
1800 2223 2026 2265 JELESTON
2059 2223 2139 2265 sibi
2169 2228 2212 2266 et

257 2305 483 2347 heredibus
515 2306 600 2348 suis
630 2306 942 2361 imperpetuum
977 2341 984 2348 .
1019 2306 1182 2348 Ratum
1213 2311 1253 2348 et
1286 2310 1458 2361 gratum
1489 2305 1650 2348 habens
1682 2309 1723 2347 et
1755 2305 1978 2347 habiturus
2011 2306 2212 2362 quicquid

258 2389 373 2431 idem
396 2388 627 2431 Rmfflnos
648 2393 887 2431 attornatus
916 2404 1036 2432 meus
1056 2389 1204 2431 fecerit
1224 2390 1269 2431 in
1300 2389 1514 2444 premissis
1546 2422 1553 2430 .
1588 2387 1644 2429 In
1678 2387 1800 2443 cujus
1830 2388 1891 2430 rei
1922 2388 2214 2431 testimonium

259 2473 359 2514 huic
380 2472 566 2528 presenti
587 2472 742 2526 scripto
765 2472 954 2527 sigillum
975 2487 1118 2514 meum
1140 2472 1329 2528 apposui.

322 2557 437 2600 Data
477 2556 626 2611 quinto
667 2555 736 2596 die
776 2555 932 2596 mensis
972 2554 1196 2610 Februarij
1240 2569 1352 2596 anno
1398 2553 1521 2609 regni
1558 2553 1692 2609 Regis
1729 2553 1931 2595 HENRICI
1969 2555 2076 2597 sexti
2122 2560 2216 2611 post

266 2644 542 2696 conquestum
562 2639 701 2681 tertio.

322 2723 531 2778 Drawing
554 2722 598 2764 of
619 2737 644 2763 a
661 2722 758 2772 soal,
781 2737 806 2763 a
828 2721 963 2763 shield
985 2721 1029 2764 of
1050 2736 1186 2763 arms:
1219 2720 1339 2762 three
1360 2719 1467 2762 bars.

917 2808 926 2826 ‘
947 2811 989 2852 ÷
1028 2802 1060 2845 s’
1095 2837 1103 2845 .
1137 2802 1290 2844 WILL'I
1324 2837 1332 2844 .
1368 2800 1592 2843 ANDREW.'

328 2891 431 2931 And
452 2905 507 2931 on
528 2888 601 2931 the
622 2903 735 2930 same
757 2903 866 2944 page
888 2903 913 2929 a
942 2887 1137 2942 drawing
1168 2886 1212 2927 of
1243 2885 1421 2928 another
1442 2885 1528 2927 seal
1559 2885 1604 2927 of
1633 2884 1825 2928 Andrew
1855 2887 1909 2928 de
1942 2886 2216 2940 Camberone,

269 2975 377 3025 knt„
401 2987 513 3014 same
535 2986 658 3022 arms,
681 2970 784 3012 with
805 2969 916 3012 label
937 2969 982 3011 of
1002 2969 1082 3011 five
1105 2970 1255 3025 points.

717 3059 726 3076 ‘
749 3061 790 3102 -1-
829 3068 848 3095 S
881 3088 887 3095 .
922 3067 1103 3095 ANDREE
1136 3087 1144 3094 .
1179 3064 1505 3094 DECAMBERONE
1540 3084 1547 3092 .
1582 3049 1782 3092 MILI'rlsf
