2425 3423
360 275 473 316 2308

1073 771 1464 814 MDLXXXVII.

299 897 515 942 GRANT
558 897 645 940 BY
692 896 965 940 WALTER
1011 896 1229 940 LUVEL
1269 896 1345 939 TO
1399 895 1676 938 MARGAM
1717 895 1934 938 ABBEY
1989 895 2066 937 OF
2122 894 2248 938 TEN

439 996 637 1040 AORES
674 996 752 1039 OF
788 996 965 1039 LAND
1001 995 1331 1039 ADJAOENT
1363 995 1439 1038 TO
1471 995 1602 1038 THE
1633 994 1808 1037 LAND
1843 994 1922 1036 OF
1956 994 2248 1038 WILLIAM

440 1096 525 1139 DE
563 1096 853 1140 CORNELI.

1001 1204 1232 1261 [MARGAM
1265 1203 1523 1260 CHARTER]

1811 1296 1928 1337 13m
1960 1294 2188 1336 OENTURY.

349 1421 561 1464 Omnibus
582 1420 736 1463 Sancte
757 1420 927 1463 ecclesie
950 1420 1050 1462 filiis
1077 1420 1130 1461 ad
1159 1434 1264 1475 quos
1283 1434 1458 1475 presens
1487 1419 1691 1475 scriptum
1720 1419 1959 1475 pervenerit
1987 1417 2248 1461 WALTERUS

293 1512 363 1554 LU
370 1527 456 1554 VEL
477 1512 670 1555 salutem.

348 1620 566 1663 Noveritis
598 1620 852 1662 universitas
888 1623 1026 1661 vestra
1057 1634 1124 1662 me
1158 1619 1334 1662 consilio
1372 1622 1415 1661 et
1443 1634 1614 1661 assensu
1650 1618 1794 1661 uxoris
1826 1633 1918 1660 mee
1946 1621 1989 1661 et
2017 1618 2250 1660 amicorum

290 1726 482 1754 meorum
522 1711 770 1754 concessisse
810 1714 851 1752 et
885 1711 1049 1752 dedisse
1083 1713 1126 1752 et
1161 1710 1239 1752 hac
1277 1725 1372 1752 mea
1412 1710 1598 1765 presenti
1632 1712 1747 1751 carta
1780 1709 2047 1751 confirmasse
2080 1708 2175 1751 Deo
2206 1713 2247 1750 et

290 1804 461 1846 ecclesie
496 1808 638 1846 sancte
669 1803 828 1844 MAROE
854 1803 906 1844 de
935 1802 1139 1844 MARGAN
1169 1805 1211 1844 et
1241 1802 1457 1844 monachis
1481 1802 1507 1843 i.
1541 1801 1595 1843 D.
1623 1816 1652 1843 s.
1684 1801 1730 1843 in
1758 1816 1909 1856 puram
1934 1803 1977 1842 et
2000 1803 2249 1855 perpetuam

289 1894 563 1937 elemosinam
585 1908 661 1950 pro
690 1894 826 1936 salute
855 1893 996 1935 anime
1027 1908 1119 1935 mee
1143 1927 1150 1935 .
1175 1897 1216 1935 et
1248 1908 1323 1948 pro
1355 1892 1490 1934 salute
1521 1892 1661 1934 anime
1692 1891 1835 1933 uxoris
1866 1906 1957 1932 mee
1986 1893 2029 1932 et
2058 1889 2250 1932 omnium

290 2000 574 2028 successorum
613 2000 804 2029 meorum
843 1988 885 2027 et
925 1989 1236 2027 antecessorum
1269 1999 1311 2027 x.
1349 1999 1465 2027 acras
1514 1987 1624 2026 terre
1669 1982 1842 2025 arabilis
1883 1982 2100 2038 proximas
2141 1984 2252 2024 terre

292 2076 543 2120 WILLELMI
574 2078 627 2119 de
653 2076 856 2120 CORNELI
881 2076 989 2119 sicut
1008 2079 1121 2118 terra
1149 2091 1244 2118 mea
1275 2075 1387 2131 jacet
1417 2074 1478 2117 ibi
1505 2075 1551 2116 in
1580 2075 1762 2130 longum
1793 2078 1836 2116 et
1869 2074 2018 2115 latum.
2081 2072 2178 2116 Has
2206 2089 2248 2115 x.

291 2183 408 2210 acras
439 2168 537 2210 dedi
565 2168 764 2223 predictis
795 2167 1012 2210 monachis
1039 2168 1084 2208 in
1112 2170 1366 2223 perpetuum
1392 2167 1598 2208 tenendas
1631 2167 1683 2207 de
1720 2180 1787 2207 me
1815 2168 1857 2207 et
1888 2164 2116 2207 heredibus
2146 2164 2252 2206 meis

290 2259 444 2302 liberas
485 2262 527 2301 et
567 2259 731 2314 quietas
767 2258 820 2300 ab
861 2259 976 2300 omni
1017 2258 1188 2300 servitio
1220 2260 1262 2300 et
1295 2257 1513 2300 exactione
1545 2256 1722 2299 seculari
1757 2257 1864 2298 sicut
1899 2256 1988 2298 ulla
2023 2255 2252 2298 elemosina

296 2350 472 2392 liberius
492 2350 629 2392 teneri
650 2353 801 2405 potest.

355 2457 458 2499 Hiis
497 2456 676 2499 testibus
719 2491 726 2499 .
770 2456 1029 2500 WILLELMO
1074 2456 1292 2512 capellano
1336 2490 1344 2498 .
1388 2455 1632 2498 STEPHANO
1673 2455 1821 2498 clerico
1864 2488 1871 2496 .
1920 2454 2158 2498 WASMERO
2199 2455 2252 2496 de

299 2547 523 2590 KENEFEG
557 2581 565 2589 .
596 2547 786 2590 THOMAS
808 2547 935 2589 ALsso
966 2581 973 2588 .
1003 2546 1260 2590 W1LLELMO
1283 2546 1401 2589 OOLE
1436 2580 1444 2588 .
1476 2546 1702 2588 PHILIPPO
1723 2543 1854 2587 Com.

360 2638 457 2681 Seal
477 2638 522 2680 of
543 2637 711 2682 Walter
731 2637 884 2690 Luvel,
905 2653 930 2680 a
949 2638 1064 2690 wolf,
1086 2653 1131 2680 as
1151 2638 1308 2689 before,
1330 2652 1460 2694 green
1480 2652 1586 2679 wax,

864 2732 874 2750 ‘
895 2740 934 2779 ÷
956 2743 1171 2772 SIGILLUM
1205 2763 1212 2771 .
1247 2743 1455 2771 wALTEm
1491 2761 1499 2770 .
1532 2727 1689 2770 mvn)
