<?xml version="1.0" encoding="UTF-8"?>
<!DOCTYPE html PUBLIC "-//W3C//DTD XHTML 1.0 Transitional//EN"
    "http://www.w3.org/TR/xhtml1/DTD/xhtml1-transitional.dtd">
<html xmlns="http://www.w3.org/1999/xhtml" xml:lang="en" lang="en">
 <head>
  <title>
</title>
<meta http-equiv="Content-Type" content="text/html;charset=utf-8" />
  <meta name='ocr-system' content='tesseract 3.04.00' />
  <meta name='ocr-capabilities' content='ocr_page ocr_carea ocr_par ocr_line ocrx_word'/>
</head>
<body>
  <div class='ocr_page' id='page_1' title='image "./cartaeetaliamuni06claruoft_0348.png"; bbox 0 0 2425 3423; ppageno 0'>
   <div class='ocr_carea' id='block_1_1' title="bbox 379 308 491 351">
    <p class='ocr_par' dir='ltr' id='par_1_1' title="bbox 379 308 491 351">
     <span class='ocr_line' id='line_1_1' title="bbox 379 308 491 351; baseline -0.009 0"><span class='ocrx_word' id='word_1_1' title='bbox 379 308 491 351; x_wconf 84' lang='lat'><strong>2372</strong></span> 
     </span>
    </p>
   </div>
   <div class='ocr_carea' id='block_1_2' title="bbox 319 503 2272 1203">
    <p class='ocr_par' dir='ltr' id='par_1_2' title="bbox 320 503 2267 661">
     <span class='ocr_line' id='line_1_2' title="bbox 320 503 2265 560; baseline -0.008 0"><span class='ocrx_word' id='word_1_2' title='bbox 320 516 501 560; x_wconf 88' lang='lat' dir='ltr'>aliorum</span> <span class='ocrx_word' id='word_1_3' title='bbox 527 515 735 559; x_wconf 82' lang='lat' dir='ltr'>bonorum</span> <span class='ocrx_word' id='word_1_4' title='bbox 762 514 805 555; x_wconf 91' lang='lat' dir='ltr'>et</span> <span class='ocrx_word' id='word_1_5' title='bbox 825 511 1075 554; x_wconf 85' lang='lat' dir='ltr'>catallorum</span> <span class='ocrx_word' id='word_1_6' title='bbox 1096 512 1337 552; x_wconf 83' lang='lat' dir='ltr'>nostrorum</span> <span class='ocrx_word' id='word_1_7' title='bbox 1357 508 1404 550; x_wconf 91' lang='lat' dir='ltr'>in</span> <span class='ocrx_word' id='word_1_8' title='bbox 1434 510 1570 550; x_wconf 88' lang='lat' dir='ltr'>castro</span> <span class='ocrx_word' id='word_1_9' title='bbox 1600 507 1652 548; x_wconf 99' lang='grc'>(19</span> <span class='ocrx_word' id='word_1_10' title='bbox 1682 505 1955 548; x_wconf 73' lang='lat' dir='ltr'>KAERFILLY</span> <span class='ocrx_word' id='word_1_11' title='bbox 1974 503 2265 556; x_wconf 81' lang='lat' dir='ltr'>existencium,</span> 
     </span>
     <span class='ocr_line' id='line_1_3' title="bbox 320 594 2267 661; baseline -0.008 -10"><span class='ocrx_word' id='word_1_12' title='bbox 320 607 567 650; x_wconf 85' lang='lat' dir='ltr'>habendum</span> <span class='ocrx_word' id='word_1_13' title='bbox 582 604 788 661; x_wconf 83' lang='lat' dir='ltr'><strong>quamdiu</strong></span> <span class='ocrx_word' id='word_1_14' title='bbox 807 602 929 645; x_wconf 90' lang='lat' dir='ltr'>nobis</span> <span class='ocrx_word' id='word_1_15' title='bbox 944 600 1164 658; x_wconf 72' lang='lat' dir='ltr'>placuerit,</span> <span class='ocrx_word' id='word_1_16' title='bbox 1180 600 1243 642; x_wconf 86' lang='lat' dir='ltr'>ita</span> <span class='ocrx_word' id='word_1_17' title='bbox 1262 600 1377 656; x_wconf 90' lang='lat' dir='ltr'>quod</span> <span class='ocrx_word' id='word_1_18' title='bbox 1393 598 1515 641; x_wconf 91' lang='lat' dir='ltr'>nobis</span> <span class='ocrx_word' id='word_1_19' title='bbox 1534 598 1634 639; x_wconf 90' lang='lat' dir='ltr'>inde</span> <span class='ocrx_word' id='word_1_20' title='bbox 1653 596 1917 652; x_wconf 85' lang='lat' dir='ltr'>respondeat.</span> <span class='ocrx_word' id='word_1_21' title='bbox 1961 594 2017 637; x_wconf 92' lang='lat' dir='ltr'>In</span> <span class='ocrx_word' id='word_1_22' title='bbox 2034 594 2169 651; x_wconf 85' lang='lat' dir='ltr'>cujus,</span> <span class='ocrx_word' id='word_1_23' title='bbox 2191 598 2267 637; x_wconf 81' lang='lat' dir='ltr'>etc.</span> 
     </span>
    </p>

    <p class='ocr_par' dir='ltr' id='par_1_3' title="bbox 381 689 1600 754">
     <span class='ocr_line' id='line_1_4' title="bbox 381 689 1600 754; baseline -0.009 -12"><span class='ocrx_word' id='word_1_24' title='bbox 381 698 507 741; x_wconf 86' lang='lat' dir='ltr'>Teste</span> <span class='ocrx_word' id='word_1_25' title='bbox 527 697 650 754; x_wconf 83' lang='lat' dir='ltr'>Rege</span> <span class='ocrx_word' id='word_1_26' title='bbox 669 696 786 751; x_wconf 88' lang='lat' dir='ltr'>apud</span> <span class='ocrx_word' id='word_1_27' title='bbox 805 693 1128 736; x_wconf 74' lang='lat' dir='ltr'>KENILWORTH</span> <span class='ocrx_word' id='word_1_28' title='bbox 1149 691 1279 734; x_wconf 87' lang='lat' dir='ltr'>tercio</span> <span class='ocrx_word' id='word_1_29' title='bbox 1301 691 1370 733; x_wconf 89' lang='lat' dir='ltr'>die</span> <span class='ocrx_word' id='word_1_30' title='bbox 1389 690 1419 734; x_wconf 86' lang='lat' dir='ltr'>J</span> <span class='ocrx_word' id='word_1_31' title='bbox 1422 689 1600 732; x_wconf 84' lang='lat' dir='ltr'>anuarii.</span> 
     </span>
    </p>

    <p class='ocr_par' dir='ltr' id='par_1_4' title="bbox 319 779 2272 1203">
     <span class='ocr_line' id='line_1_5' title="bbox 377 779 2270 836; baseline -0.007 -4"><span class='ocrx_word' id='word_1_32' title='bbox 377 789 437 832; x_wconf 78' lang='lat' dir='ltr'>Et</span> <span class='ocrx_word' id='word_1_33' title='bbox 478 788 730 831; x_wconf 87' lang='lat' dir='ltr'>mandatum</span> <span class='ocrx_word' id='word_1_34' title='bbox 761 789 823 827; x_wconf 84' lang='lat' dir='ltr'>est</span> <span class='ocrx_word' id='word_1_35' title='bbox 854 783 1043 826; x_wconf 59' lang='lat' dir='ltr'>Roamzo</span> <span class='ocrx_word' id='word_1_36' title='bbox 1075 783 1127 824; x_wconf 90' lang='lat' dir='ltr'>de</span> <span class='ocrx_word' id='word_1_37' title='bbox 1160 781 1406 824; x_wconf 76' lang='lat' dir='ltr'>CHAUNnos</span> <span class='ocrx_word' id='word_1_38' title='bbox 1437 780 1551 836; x_wconf 88' lang='lat' dir='ltr'>quod</span> <span class='ocrx_word' id='word_1_39' title='bbox 1580 779 1830 822; x_wconf 86' lang='lat' dir='ltr'>thesaurum</span> <span class='ocrx_word' id='word_1_40' title='bbox 1860 792 2013 819; x_wconf 89' lang='lat' dir='ltr'>aurum</span> <span class='ocrx_word' id='word_1_41' title='bbox 2042 779 2270 833; x_wconf 86' lang='lat' dir='ltr'>argentum</span> 
     </span>
     <span class='ocr_line' id='line_1_6' title="bbox 320 868 2271 926; baseline -0.008 -2"><span class='ocrx_word' id='word_1_42' title='bbox 320 883 557 924; x_wconf 84' lang='lat' dir='ltr'>armaturas</span> <span class='ocrx_word' id='word_1_43' title='bbox 588 877 790 921; x_wconf 77' lang='lat' dir='ltr'>victualia</span> <span class='ocrx_word' id='word_1_44' title='bbox 825 880 868 918; x_wconf 89' lang='lat' dir='ltr'>et</span> <span class='ocrx_word' id='word_1_45' title='bbox 904 874 1049 918; x_wconf 88' lang='lat' dir='ltr'>omnia</span> <span class='ocrx_word' id='word_1_46' title='bbox 1088 873 1173 916; x_wconf 86' lang='lat' dir='ltr'>alia</span> <span class='ocrx_word' id='word_1_47' title='bbox 1207 873 1319 916; x_wconf 85' lang='lat' dir='ltr'>bona</span> <span class='ocrx_word' id='word_1_48' title='bbox 1350 875 1392 914; x_wconf 87' lang='lat' dir='ltr'>et</span> <span class='ocrx_word' id='word_1_49' title='bbox 1423 871 1576 914; x_wconf 82' lang='lat' dir='ltr'>catalla</span> <span class='ocrx_word' id='word_1_50' title='bbox 1605 869 1795 926; x_wconf 85' lang='lat' dir='ltr'>predicta</span> <span class='ocrx_word' id='word_1_51' title='bbox 1837 885 1919 925; x_wconf 91' lang='lat' dir='ltr'>que</span> <span class='ocrx_word' id='word_1_52' title='bbox 1952 868 1992 911; x_wconf 89' lang='lat' dir='ltr'>ei</span> <span class='ocrx_word' id='word_1_53' title='bbox 2027 883 2163 924; x_wconf 80' lang='lat' dir='ltr'>nuper</span> <span class='ocrx_word' id='word_1_54' title='bbox 2196 882 2271 923; x_wconf 89' lang='lat' dir='ltr'>per</span> 
     </span>
     <span class='ocr_line' id='line_1_7' title="bbox 319 959 2271 1019; baseline -0.007 -5"><span class='ocrx_word' id='word_1_55' title='bbox 319 971 350 1015; x_wconf 85' lang='lat' dir='ltr'><strong>J</strong></span> <span class='ocrx_word' id='word_1_56' title='bbox 352 983 578 1014; x_wconf 81' lang='lat' dir='ltr'><strong>OHANNEM</strong></span> <span class='ocrx_word' id='word_1_57' title='bbox 598 970 651 1011; x_wconf 90' lang='lat' dir='ltr'>de</span> <span class='ocrx_word' id='word_1_58' title='bbox 671 968 853 1011; x_wconf 78' lang='lat' dir='ltr'><strong>FELTON</strong></span> <span class='ocrx_word' id='word_1_59' title='bbox 875 964 1236 1009; x_wconf 75' lang='lat' dir='ltr'>constabularium</span> <span class='ocrx_word' id='word_1_60' title='bbox 1256 964 1383 1007; x_wconf 81' lang='lat' dir='ltr'>castri</span> <span class='ocrx_word' id='word_1_61' title='bbox 1411 962 1591 1019; x_wconf 80' lang='lat' dir='ltr'>predicti</span> <span class='ocrx_word' id='word_1_62' title='bbox 1611 963 1666 1004; x_wconf 86' lang='lat' dir='ltr'>ad</span> <span class='ocrx_word' id='word_1_63' title='bbox 1697 976 1801 1017; x_wconf 89' lang='lat' dir='ltr'>opus</span> <span class='ocrx_word' id='word_1_64' title='bbox 1821 960 1934 1017; x_wconf 90' lang='lat' dir='ltr'>regis</span> <span class='ocrx_word' id='word_1_65' title='bbox 1953 975 2030 1003; x_wconf 81' lang='lat' dir='ltr'>rex</span> <span class='ocrx_word' id='word_1_66' title='bbox 2049 959 2271 1002; x_wconf 89' lang='lat' dir='ltr'>mandavit</span> 
     </span>
     <span class='ocr_line' id='line_1_8' title="bbox 320 1051 2271 1114; baseline -0.007 -9"><span class='ocrx_word' id='word_1_67' title='bbox 320 1062 491 1105; x_wconf 85' lang='lat' dir='ltr'>liberari</span> <span class='ocrx_word' id='word_1_68' title='bbox 541 1075 637 1103; x_wconf 87' lang='lat' dir='ltr'>cum</span> <span class='ocrx_word' id='word_1_69' title='bbox 677 1075 727 1102; x_wconf 86' lang='lat' dir='ltr'>ea</span> <span class='ocrx_word' id='word_1_70' title='bbox 776 1057 980 1114; x_wconf 87' lang='lat' dir='ltr'>receperit</span> <span class='ocrx_word' id='word_1_71' title='bbox 1028 1056 1195 1113; x_wconf 76' lang='lat' dir='ltr'>prefato</span> <span class='ocrx_word' id='word_1_72' title='bbox 1236 1055 1404 1098; x_wconf 81' lang='grc' dir='ltr'><strong>ΤΗΟΜΕ</strong></span> <span class='ocrx_word' id='word_1_73' title='bbox 1443 1069 1517 1110; x_wconf 89' lang='lat' dir='ltr'>per</span> <span class='ocrx_word' id='word_1_74' title='bbox 1556 1054 1830 1096; x_wconf 82' lang='lat' dir='ltr'>indenturam</span> <span class='ocrx_word' id='word_1_75' title='bbox 1869 1052 1982 1094; x_wconf 89' lang='lat' dir='ltr'>inter</span> <span class='ocrx_word' id='word_1_76' title='bbox 2021 1051 2132 1108; x_wconf 85' lang='lat' dir='ltr'>ipsos</span> <span class='ocrx_word' id='word_1_77' title='bbox 2171 1051 2271 1093; x_wconf 88' lang='lat' dir='ltr'>inde</span> 
     </span>
     <span class='ocr_line' id='line_1_9' title="bbox 321 1141 2272 1203; baseline -0.007 -6"><span class='ocrx_word' id='word_1_78' title='bbox 321 1153 631 1197; x_wconf 88' lang='lat' dir='ltr'>conficiendum</span> <span class='ocrx_word' id='word_1_79' title='bbox 668 1151 759 1194; x_wconf 89' lang='lat' dir='ltr'>sine</span> <span class='ocrx_word' id='word_1_80' title='bbox 792 1149 1000 1193; x_wconf 83' lang='lat' dir='ltr'>dilacione</span> <span class='ocrx_word' id='word_1_81' title='bbox 1037 1148 1180 1203; x_wconf 87' lang='lat' dir='ltr'>aliqua</span> <span class='ocrx_word' id='word_1_82' title='bbox 1215 1146 1413 1189; x_wconf 86' lang='lat' dir='ltr'>liberaret</span> <span class='ocrx_word' id='word_1_83' title='bbox 1455 1144 1779 1187; x_wconf 86' lang='lat' dir='ltr'>custodiendum</span> <span class='ocrx_word' id='word_1_84' title='bbox 1814 1143 1861 1185; x_wconf 91' lang='lat' dir='ltr'>in</span> <span class='ocrx_word' id='word_1_85' title='bbox 1897 1142 2035 1185; x_wconf 77' lang='lat' dir='ltr'>forma</span> <span class='ocrx_word' id='word_1_86' title='bbox 2069 1141 2272 1198; x_wconf 86' lang='lat' dir='ltr'>predicta,</span> 
     </span>
    </p>
   </div>
   <div class='ocr_carea' id='block_1_3' title="bbox 319 1234 2194 1369">
    <p class='ocr_par' dir='ltr' id='par_1_5' title="bbox 319 1234 2194 1369">
     <span class='ocr_line' id='line_1_10' title="bbox 319 1234 2194 1299; baseline -0.007 -11"><span class='ocrx_word' id='word_1_87' title='bbox 319 1246 413 1288; x_wconf 87' lang='lat' dir='ltr'>vult</span> <span class='ocrx_word' id='word_1_88' title='bbox 434 1244 549 1287; x_wconf 79' lang='lat' dir='ltr'>enim</span> <span class='ocrx_word' id='word_1_89' title='bbox 570 1259 645 1286; x_wconf 79' lang='lat' dir='ltr'>rex</span> <span class='ocrx_word' id='word_1_90' title='bbox 665 1243 806 1299; x_wconf 85' lang='lat' dir='ltr'>ipsum</span> <span class='ocrx_word' id='word_1_91' title='bbox 829 1241 1057 1283; x_wconf 67' lang='lat' dir='ltr'>Roassmm</span> <span class='ocrx_word' id='word_1_92' title='bbox 1077 1242 1235 1281; x_wconf 82' lang='lat' dir='ltr'>extunc</span> <span class='ocrx_word' id='word_1_93' title='bbox 1255 1252 1357 1294; x_wconf 88' lang='lat' dir='ltr'>erga</span> <span class='ocrx_word' id='word_1_94' title='bbox 1377 1251 1522 1293; x_wconf 88' lang='lat' dir='ltr'>regem</span> <span class='ocrx_word' id='word_1_95' title='bbox 1545 1235 1775 1278; x_wconf 80' lang='lat' dir='ltr'>exonerari.</span> <span class='ocrx_word' id='word_1_96' title='bbox 1838 1234 1965 1277; x_wconf 84' lang='lat' dir='ltr'>Teste</span> <span class='ocrx_word' id='word_1_97' title='bbox 1985 1238 2034 1275; x_wconf 88' lang='lat' dir='ltr'>ut</span> <span class='ocrx_word' id='word_1_98' title='bbox 2055 1247 2194 1289; x_wconf 85' lang='lat' dir='ltr'>supra.</span> 
     </span>
     <span class='ocr_line' id='line_1_11' title="bbox 819 1327 1784 1369; baseline -0.007 -8"><span class='ocrx_word' id='word_1_99' title='bbox 819 1332 894 1369; x_wconf 82' lang='lat' dir='ltr'>(See</span> <span class='ocrx_word' id='word_1_100' title='bbox 916 1331 1013 1360; x_wconf 75' lang='lat' dir='ltr'>Arch.</span> <span class='ocrx_word' id='word_1_101' title='bbox 1033 1329 1163 1366; x_wconf 81' lang='lat' dir='ltr'>Cambr.‚</span> <span class='ocrx_word' id='word_1_102' title='bbox 1179 1329 1235 1358; x_wconf 71' lang='lat' dir='ltr'>fith</span> <span class='ocrx_word' id='word_1_103' title='bbox 1250 1328 1364 1364; x_wconf 79' lang='lat' dir='ltr'>Series,</span> <span class='ocrx_word' id='word_1_104' title='bbox 1380 1327 1453 1357; x_wconf 91' lang='lat' dir='ltr'>Vol.</span> <span class='ocrx_word' id='word_1_105' title='bbox 1475 1327 1545 1364; x_wconf 86' lang='lat' dir='ltr'>1V.,</span> <span class='ocrx_word' id='word_1_106' title='bbox 1561 1336 1613 1365; x_wconf 87' lang='lat' dir='ltr'>pp.</span> <span class='ocrx_word' id='word_1_107' title='bbox 1633 1327 1784 1363; x_wconf 78' lang='grc'>181-182.)</span> 
     </span>
    </p>
   </div>
   <div class='ocr_carea' id='block_1_4' title="bbox 1160 1543 1447 1587">
    <p class='ocr_par' dir='ltr' id='par_1_6' title="bbox 1160 1543 1447 1587">
     <span class='ocr_line' id='line_1_12' title="bbox 1160 1543 1447 1587; baseline -0.007 0"><span class='ocrx_word' id='word_1_108' title='bbox 1160 1543 1447 1587; x_wconf 83' lang='lat' dir='ltr'>MDOXLII.</span> 
     </span>
    </p>
   </div>
   <div class='ocr_carea' id='block_1_5' title="bbox 316 1647 2275 1883">
    <p class='ocr_par' dir='ltr' id='par_1_7' title="bbox 316 1647 2275 1883">
     <span class='ocr_line' id='line_1_13' title="bbox 316 1647 2275 1702; baseline -0.006 0"><span class='ocrx_word' id='word_1_109' title='bbox 316 1656 661 1702; x_wconf 76' lang='lat' dir='ltr'><strong>MORTGAGE</strong></span> <span class='ocrx_word' id='word_1_110' title='bbox 702 1654 877 1698; x_wconf 81' lang='lat' dir='ltr'>FROM</span> <span class='ocrx_word' id='word_1_111' title='bbox 917 1652 1088 1696; x_wconf 79' lang='lat' dir='ltr'>FOUR</span> <span class='ocrx_word' id='word_1_112' title='bbox 1128 1651 1335 1695; x_wconf 79' lang='lat' dir='ltr'><strong>YEARS</strong></span> <span class='ocrx_word' id='word_1_113' title='bbox 1382 1650 1458 1693; x_wconf 79' lang='lat' dir='ltr'>TO</span> <span class='ocrx_word' id='word_1_114' title='bbox 1500 1649 1671 1692; x_wconf 81' lang='lat' dir='ltr'>FOUR.</span> <span class='ocrx_word' id='word_1_115' title='bbox 1716 1647 1923 1691; x_wconf 81' lang='lat' dir='ltr'><strong>YEARS</strong></span> <span class='ocrx_word' id='word_1_116' title='bbox 1975 1649 2062 1692; x_wconf 88' lang='lat' dir='ltr'>BY</span> <span class='ocrx_word' id='word_1_117' title='bbox 2106 1648 2275 1692; x_wconf 88' lang='lat' dir='ltr'>JOHN</span> 
     </span>
     <span class='ocr_line' id='line_1_14' title="bbox 466 1739 2272 1792; baseline -0.005 0"><span class='ocrx_word' id='word_1_118' title='bbox 466 1749 547 1792; x_wconf 86' lang='lat' dir='ltr'>LE</span> <span class='ocrx_word' id='word_1_119' title='bbox 580 1746 797 1791; x_wconf 76' lang='lat' dir='ltr'>YONGE</span> <span class='ocrx_word' id='word_1_120' title='bbox 835 1746 913 1788; x_wconf 88' lang='lat' dir='ltr'>OF</span> <span class='ocrx_word' id='word_1_121' title='bbox 957 1743 1260 1788; x_wconf 67' lang='lat' dir='ltr'>KENEFEG</span> <span class='ocrx_word' id='word_1_122' title='bbox 1304 1743 1380 1785; x_wconf 79' lang='lat' dir='ltr'>TO</span> <span class='ocrx_word' id='word_1_123' title='bbox 1418 1740 1676 1785; x_wconf 77' lang='lat' dir='ltr'>THOMAS</span> <span class='ocrx_word' id='word_1_124' title='bbox 1712 1740 1793 1782; x_wconf 80' lang='lat' dir='ltr'>LE</span> <span class='ocrx_word' id='word_1_125' title='bbox 1837 1739 2094 1783; x_wconf 81' lang='lat' dir='ltr'><strong>TYELAR</strong></span> <span class='ocrx_word' id='word_1_126' title='bbox 2138 1740 2272 1783; x_wconf 85' lang='lat' dir='ltr'>AND</span> 
     </span>
     <span class='ocr_line' id='line_1_15' title="bbox 466 1831 1920 1883; baseline -0.007 0"><span class='ocrx_word' id='word_1_127' title='bbox 466 1839 774 1883; x_wconf 79' lang='lat' dir='ltr'><strong>ANOTHER</strong></span> <span class='ocrx_word' id='word_1_128' title='bbox 816 1837 894 1880; x_wconf 83' lang='lat' dir='ltr'>OF</span> <span class='ocrx_word' id='word_1_129' title='bbox 935 1836 1111 1880; x_wconf 88' lang='lat' dir='ltr'><strong>LAND</strong></span> <span class='ocrx_word' id='word_1_130' title='bbox 1152 1835 1223 1878; x_wconf 87' lang='lat' dir='ltr'>IN</span> <span class='ocrx_word' id='word_1_131' title='bbox 1264 1833 1568 1877; x_wconf 75' lang='lat' dir='ltr'>KENEFEG</span> <span class='ocrx_word' id='word_1_132' title='bbox 1607 1831 1920 1875; x_wconf 84' lang='lat' dir='ltr'>DEMESNE.</span> 
     </span>
    </p>
   </div>
   <div class='ocr_carea' id='block_1_6' title="bbox 1042 1940 1562 2001">
    <p class='ocr_par' dir='ltr' id='par_1_8' title="bbox 1042 1940 1562 2001">
     <span class='ocr_line' id='line_1_16' title="bbox 1042 1940 1562 2001; baseline -0.008 -15"><span class='ocrx_word' id='word_1_133' title='bbox 1042 1944 1273 2001; x_wconf 77' lang='lat' dir='ltr'>[MARGAM</span> <span class='ocrx_word' id='word_1_134' title='bbox 1305 1940 1562 1997; x_wconf 80' lang='lat' dir='ltr'>CHARTER.]</span> 
     </span>
    </p>
   </div>
   <div class='ocr_carea' id='block_1_7' title="bbox 326 2047 2287 3022">
    <p class='ocr_par' dir='ltr' id='par_1_9' title="bbox 380 2047 2214 2103">
     <span class='ocr_line' id='line_1_17' title="bbox 380 2047 2214 2103; baseline -0.007 -3"><span class='ocrx_word' id='word_1_135' title='bbox 380 2059 519 2102; x_wconf 78' lang='lat' dir='ltr'>SUND.</span> <span class='ocrx_word' id='word_1_136' title='bbox 545 2070 691 2099; x_wconf 77' lang='lat' dir='ltr'>AFTER</span> <span class='ocrx_word' id='word_1_137' title='bbox 712 2055 859 2096; x_wconf 66' lang='lat' dir='ltr'>Fmsr</span> <span class='ocrx_word' id='word_1_138' title='bbox 891 2068 944 2095; x_wconf 75' lang='lat' dir='ltr'>or</span> <span class='ocrx_word' id='word_1_139' title='bbox 966 2052 1035 2095; x_wconf 71' lang='lat' dir='ltr'>ST.</span> <span class='ocrx_word' id='word_1_140' title='bbox 1061 2052 1215 2094; x_wconf 70' lang='lat' dir='ltr'>PETER</span> <span class='ocrx_word' id='word_1_141' title='bbox 1238 2066 1283 2093; x_wconf 85' lang='lat' dir='ltr'>IN</span> <span class='ocrx_word' id='word_1_142' title='bbox 1310 2049 1559 2092; x_wconf 79' lang='lat' dir='ltr'>GATHEDRA</span> <span class='ocrx_word' id='word_1_143' title='bbox 1584 2049 1655 2103; x_wconf 77' lang='lat'>(22</span> <span class='ocrx_word' id='word_1_144' title='bbox 1679 2047 1808 2103; x_wconf 78' lang='lat' dir='ltr'>FEB.)</span> <span class='ocrx_word' id='word_1_145' title='bbox 1838 2048 1949 2089; x_wconf 78' lang='lat'>1327</span> <span class='ocrx_word' id='word_1_146' title='bbox 1972 2061 2056 2089; x_wconf 84' lang='lat' dir='ltr'>FOR</span> <span class='ocrx_word' id='word_1_147' title='bbox 2089 2048 2214 2089; x_wconf 79' lang='lat'>1328.</span> 
     </span>
    </p>

    <p class='ocr_par' dir='ltr' id='par_1_10' title="bbox 326 2138 2287 3022">
     <span class='ocr_line' id='line_1_18' title="bbox 385 2138 2278 2199; baseline -0.007 -7"><span class='ocrx_word' id='word_1_148' title='bbox 385 2148 596 2192; x_wconf 87' lang='lat' dir='ltr'>Omnibus</span> <span class='ocrx_word' id='word_1_149' title='bbox 636 2147 824 2190; x_wconf 77' lang='lat' dir='ltr'>CHRISTI</span> <span class='ocrx_word' id='word_1_150' title='bbox 877 2144 1074 2187; x_wconf 87' lang='lat' dir='ltr'>fidelibus</span> <span class='ocrx_word' id='word_1_151' title='bbox 1114 2157 1285 2199; x_wconf 85' lang='lat' dir='ltr'>presens</span> <span class='ocrx_word' id='word_1_152' title='bbox 1326 2141 1529 2196; x_wconf 86' lang='lat' dir='ltr'>scriptum</span> <span class='ocrx_word' id='word_1_153' title='bbox 1576 2139 1729 2181; x_wconf 84' lang='lat' dir='ltr'>visuris</span> <span class='ocrx_word' id='word_1_154' title='bbox 1769 2139 1837 2180; x_wconf 86' lang='lat' dir='ltr'>vel</span> <span class='ocrx_word' id='word_1_155' title='bbox 1877 2138 2087 2181; x_wconf 84' lang='lat' dir='ltr'>audituris</span> <span class='ocrx_word' id='word_1_156' title='bbox 2128 2172 2137 2180; x_wconf 89' lang='lat'><strong>.</strong></span> <span class='ocrx_word' id='word_1_157' title='bbox 2181 2139 2278 2195; x_wconf 86' lang='lat' dir='ltr'>Ego</span> 
     </span>
     <span class='ocr_line' id='line_1_19' title="bbox 326 2229 2277 2286; baseline -0.006 -2"><span class='ocrx_word' id='word_1_158' title='bbox 326 2241 355 2286; x_wconf 87' lang='lat' dir='ltr'><strong>J</strong></span> <span class='ocrx_word' id='word_1_159' title='bbox 359 2254 568 2283; x_wconf 77' lang='lat' dir='ltr'>OHANNES</span> <span class='ocrx_word' id='word_1_160' title='bbox 589 2239 629 2281; x_wconf 89' lang='lat' dir='ltr'>le</span> <span class='ocrx_word' id='word_1_161' title='bbox 649 2238 814 2280; x_wconf 80' lang='lat' dir='ltr'>YoNGE</span> <span class='ocrx_word' id='word_1_162' title='bbox 837 2238 890 2279; x_wconf 87' lang='lat' dir='ltr'>de</span> <span class='ocrx_word' id='word_1_163' title='bbox 911 2234 1152 2278; x_wconf 80' lang='lat' dir='ltr'>KENEFEG&#39;</span> <span class='ocrx_word' id='word_1_164' title='bbox 1175 2233 1356 2275; x_wconf 89' lang='lat' dir='ltr'>salutem</span> <span class='ocrx_word' id='word_1_165' title='bbox 1376 2232 1422 2273; x_wconf 89' lang='lat' dir='ltr'>in</span> <span class='ocrx_word' id='word_1_166' title='bbox 1452 2230 1624 2273; x_wconf 88' lang='lat' dir='ltr'>domino</span> <span class='ocrx_word' id='word_1_167' title='bbox 1658 2264 1665 2271; x_wconf 94' lang='lat'>.</span> <span class='ocrx_word' id='word_1_168' title='bbox 1700 2229 1922 2272; x_wconf 84' lang='lat' dir='ltr'>Noveritis</span> <span class='ocrx_word' id='word_1_169' title='bbox 1942 2246 2010 2273; x_wconf 88' lang='lat' dir='ltr'>me</span> <span class='ocrx_word' id='word_1_170' title='bbox 2031 2231 2277 2273; x_wconf 85' lang='lat' dir='ltr'>concessisse</span> 
     </span>
     <span class='ocr_line' id='line_1_20' title="bbox 329 2320 2278 2387; baseline -0.006 -12"><span class='ocrx_word' id='word_1_171' title='bbox 329 2336 373 2375; x_wconf 87' lang='lat' dir='ltr'>et</span> <span class='ocrx_word' id='word_1_172' title='bbox 392 2332 470 2374; x_wconf 91' lang='lat' dir='ltr'>hoc</span> <span class='ocrx_word' id='word_1_173' title='bbox 491 2329 680 2387; x_wconf 84' lang='lat' dir='ltr'>presenti</span> <span class='ocrx_word' id='word_1_174' title='bbox 708 2328 863 2383; x_wconf 85' lang='lat' dir='ltr'>scripto</span> <span class='ocrx_word' id='word_1_175' title='bbox 885 2327 1152 2369; x_wconf 85' lang='lat' dir='ltr'>confirmasse</span> <span class='ocrx_word' id='word_1_176' title='bbox 1174 2323 1341 2366; x_wconf 83' lang='grc' dir='ltr'><strong>ΤΗΟΜΕ</strong></span> <span class='ocrx_word' id='word_1_177' title='bbox 1371 2323 1410 2364; x_wconf 89' lang='grc'>19</span> <span class='ocrx_word' id='word_1_178' title='bbox 1438 2321 1625 2364; x_wconf 76' lang='lat' dir='ltr'><strong>TYELAR</strong></span> <span class='ocrx_word' id='word_1_179' title='bbox 1649 2325 1691 2362; x_wconf 90' lang='lat' dir='ltr'>et</span> <span class='ocrx_word' id='word_1_180' title='bbox 1721 2320 1750 2362; x_wconf 85' lang='lat' dir='ltr'>J</span> <span class='ocrx_word' id='word_1_181' title='bbox 1753 2335 1930 2362; x_wconf 83' lang='lat' dir='ltr'>OHANNI</span> <span class='ocrx_word' id='word_1_182' title='bbox 1953 2322 1993 2363; x_wconf 94' lang='lat' dir='ltr'>le</span> <span class='ocrx_word' id='word_1_183' title='bbox 2018 2320 2205 2363; x_wconf 75' lang='lat' dir='ltr'><strong>TYELAR</strong></span> <span class='ocrx_word' id='word_1_184' title='bbox 2226 2322 2278 2363; x_wconf 89' lang='lat' dir='ltr'>de</span> 
     </span>
     <span class='ocr_line' id='line_1_21' title="bbox 331 2413 2277 2467; baseline -0.006 -1"><span class='ocrx_word' id='word_1_185' title='bbox 331 2420 574 2467; x_wconf 75' lang='lat' dir='ltr'>KENEFEG’</span> <span class='ocrx_word' id='word_1_186' title='bbox 606 2421 712 2462; x_wconf 83' lang='lat' dir='ltr'>duas</span> <span class='ocrx_word' id='word_1_187' title='bbox 742 2434 858 2461; x_wconf 84' lang='lat' dir='ltr'>acras</span> <span class='ocrx_word' id='word_1_188' title='bbox 889 2421 999 2460; x_wconf 87' lang='lat' dir='ltr'>terre</span> <span class='ocrx_word' id='word_1_189' title='bbox 1030 2415 1202 2459; x_wconf 83' lang='lat' dir='ltr'>arabilis</span> <span class='ocrx_word' id='word_1_190' title='bbox 1237 2416 1289 2457; x_wconf 88' lang='lat' dir='ltr'>de</span> <span class='ocrx_word' id='word_1_191' title='bbox 1329 2414 1461 2456; x_wconf 86' lang='lat' dir='ltr'>libero</span> <span class='ocrx_word' id='word_1_192' title='bbox 1501 2415 1744 2455; x_wconf 86' lang='lat' dir='ltr'>tenemento</span> <span class='ocrx_word' id='word_1_193' title='bbox 1777 2427 1869 2453; x_wconf 91' lang='lat' dir='ltr'>meo</span> <span class='ocrx_word' id='word_1_194' title='bbox 1909 2414 1955 2454; x_wconf 89' lang='lat' dir='ltr'>in</span> <span class='ocrx_word' id='word_1_195' title='bbox 1997 2413 2185 2455; x_wconf 88' lang='lat' dir='ltr'>dominio</span> <span class='ocrx_word' id='word_1_196' title='bbox 2225 2414 2277 2455; x_wconf 91' lang='lat' dir='ltr'>de</span> 
     </span>
     <span class='ocr_line' id='line_1_22' title="bbox 333 2503 2284 2562; baseline -0.005 -5"><span class='ocrx_word' id='word_1_197' title='bbox 333 2512 575 2558; x_wconf 79' lang='lat' dir='ltr'><strong>KENEFEG’</strong></span> <span class='ocrx_word' id='word_1_198' title='bbox 597 2512 782 2554; x_wconf 87' lang='lat' dir='ltr'>iacentes</span> <span class='ocrx_word' id='word_1_199' title='bbox 802 2510 848 2552; x_wconf 90' lang='lat' dir='ltr'>in</span> <span class='ocrx_word' id='word_1_200' title='bbox 870 2509 1288 2551; x_wconf 83' lang='lat' dir='ltr'><strong>PASSELEUISFELDE</strong></span> <span class='ocrx_word' id='word_1_201' title='bbox 1309 2520 1384 2562; x_wconf 90' lang='lat' dir='ltr'>pro</span> <span class='ocrx_word' id='word_1_202' title='bbox 1416 2510 1597 2560; x_wconf 83' lang='lat' dir='ltr'>quatuor</span> <span class='ocrx_word' id='word_1_203' title='bbox 1626 2503 1777 2545; x_wconf 89' lang='lat' dir='ltr'>marcis</span> <span class='ocrx_word' id='word_1_204' title='bbox 1807 2503 2109 2559; x_wconf 84' lang='lat' dir='ltr'>sterlingorum</span> <span class='ocrx_word' id='word_1_205' title='bbox 2129 2506 2171 2546; x_wconf 84' lang='lat' dir='ltr'>et</span> <span class='ocrx_word' id='word_1_206' title='bbox 2192 2507 2284 2547; x_wconf 83' lang='lat' dir='ltr'>octo</span> 
     </span>
     <span class='ocr_line' id='line_1_23' title="bbox 335 2595 2282 2659; baseline -0.006 -10"><span class='ocrx_word' id='word_1_207' title='bbox 335 2605 521 2650; x_wconf 88' lang='lat' dir='ltr'>denariis</span> <span class='ocrx_word' id='word_1_208' title='bbox 540 2603 648 2646; x_wconf 88' lang='lat' dir='ltr'>mihi</span> <span class='ocrx_word' id='word_1_209' title='bbox 667 2617 741 2659; x_wconf 85' lang='lat' dir='ltr'>pre</span> <span class='ocrx_word' id='word_1_210' title='bbox 762 2601 960 2643; x_wconf 87' lang='lat' dir='ltr'>manibus</span> <span class='ocrx_word' id='word_1_211' title='bbox 980 2599 1140 2655; x_wconf 81' lang='lat' dir='ltr'>pacatis</span> <span class='ocrx_word' id='word_1_212' title='bbox 1161 2612 1342 2653; x_wconf 85' lang='lat' dir='ltr'>quarum</span> <span class='ocrx_word' id='word_1_213' title='bbox 1363 2596 1536 2652; x_wconf 87' lang='lat' dir='ltr'>quidem</span> <span class='ocrx_word' id='word_1_214' title='bbox 1555 2610 1639 2636; x_wconf 85' lang='lat' dir='ltr'>vna</span> <span class='ocrx_word' id='word_1_215' title='bbox 1669 2609 1764 2637; x_wconf 81' lang='lat' dir='ltr'>acra</span> <span class='ocrx_word' id='word_1_216' title='bbox 1793 2595 1906 2650; x_wconf 78' lang='lat' dir='ltr'>jacet</span> <span class='ocrx_word' id='word_1_217' title='bbox 1935 2595 1981 2637; x_wconf 91' lang='lat' dir='ltr'>in</span> <span class='ocrx_word' id='word_1_218' title='bbox 2011 2595 2282 2651; x_wconf 82' lang='lat' dir='ltr'>longitudine</span> 
     </span>
     <span class='ocr_line' id='line_1_24' title="bbox 336 2686 2284 2750; baseline -0.006 -10"><span class='ocrx_word' id='word_1_219' title='bbox 336 2698 450 2740; x_wconf 89' lang='lat' dir='ltr'>inter</span> <span class='ocrx_word' id='word_1_220' title='bbox 470 2696 585 2738; x_wconf 86' lang='lat' dir='ltr'>viam</span> <span class='ocrx_word' id='word_1_221' title='bbox 605 2709 689 2750; x_wconf 88' lang='lat' dir='ltr'>qua</span> <span class='ocrx_word' id='word_1_222' title='bbox 709 2693 798 2735; x_wconf 86' lang='lat' dir='ltr'>itur</span> <span class='ocrx_word' id='word_1_223' title='bbox 818 2693 869 2734; x_wconf 92' lang='lat' dir='ltr'>de</span> <span class='ocrx_word' id='word_1_224' title='bbox 890 2689 1132 2733; x_wconf 79' lang='lat' dir='ltr'>KENEFEG&#39;</span> <span class='ocrx_word' id='word_1_225' title='bbox 1156 2703 1300 2731; x_wconf 86' lang='lat' dir='ltr'>versus</span> <span class='ocrx_word' id='word_1_226' title='bbox 1327 2687 1388 2730; x_wconf 80' lang='lat' dir='ltr'>Co</span> <span class='ocrx_word' id='word_1_227' title='bbox 1421 2721 1428 2728; x_wconf 92' lang='lat'>.</span> <span class='ocrx_word' id='word_1_228' title='bbox 1464 2720 1471 2728; x_wconf 89' lang='lat'><strong>.</strong></span> <span class='ocrx_word' id='word_1_229' title='bbox 1508 2719 1516 2727; x_wconf 86' lang='lat'><strong>.</strong></span> <span class='ocrx_word' id='word_1_230' title='bbox 1551 2700 1639 2727; x_wconf 81' lang='lat' dir='ltr'>DON</span> <span class='ocrx_word' id='word_1_231' title='bbox 1660 2686 1706 2726; x_wconf 91' lang='lat' dir='ltr'>in</span> <span class='ocrx_word' id='word_1_232' title='bbox 1727 2688 1846 2740; x_wconf 88' lang='lat' dir='ltr'>parte</span> <span class='ocrx_word' id='word_1_233' title='bbox 1867 2686 2043 2728; x_wconf 87' lang='lat' dir='ltr'>australi</span> <span class='ocrx_word' id='word_1_234' title='bbox 2065 2719 2073 2728; x_wconf 92' lang='lat'><strong>.</strong></span> <span class='ocrx_word' id='word_1_235' title='bbox 2097 2689 2141 2728; x_wconf 90' lang='lat' dir='ltr'>et</span> <span class='ocrx_word' id='word_1_236' title='bbox 2170 2686 2284 2728; x_wconf 84' lang='lat' dir='ltr'>viam</span> 
     </span>
     <span class='ocr_line' id='line_1_25' title="bbox 339 2776 2286 2845; baseline -0.006 -14"><span class='ocrx_word' id='word_1_237' title='bbox 339 2804 425 2845; x_wconf 86' lang='lat' dir='ltr'>qua</span> <span class='ocrx_word' id='word_1_238' title='bbox 443 2789 531 2830; x_wconf 85' lang='lat' dir='ltr'>itur</span> <span class='ocrx_word' id='word_1_239' title='bbox 552 2787 604 2828; x_wconf 86' lang='lat' dir='ltr'>de</span> <span class='ocrx_word' id='word_1_240' title='bbox 624 2782 864 2827; x_wconf 82' lang='lat' dir='ltr'>KENEFEG&#39;</span> <span class='ocrx_word' id='word_1_241' title='bbox 887 2797 1031 2824; x_wconf 85' lang='lat' dir='ltr'>versus</span> <span class='ocrx_word' id='word_1_242' title='bbox 1058 2780 1295 2823; x_wconf 79' lang='lat' dir='ltr'><strong>NOTHASSE</strong></span> <span class='ocrx_word' id='word_1_243' title='bbox 1326 2779 1372 2820; x_wconf 92' lang='lat' dir='ltr'>in</span> <span class='ocrx_word' id='word_1_244' title='bbox 1402 2780 1521 2833; x_wconf 86' lang='lat' dir='ltr'>parte</span> <span class='ocrx_word' id='word_1_245' title='bbox 1551 2776 1702 2818; x_wconf 85' lang='lat' dir='ltr'>boriali</span> <span class='ocrx_word' id='word_1_246' title='bbox 1735 2811 1742 2818; x_wconf 90' lang='lat'>.</span> <span class='ocrx_word' id='word_1_247' title='bbox 1777 2781 1818 2819; x_wconf 90' lang='lat' dir='ltr'>et</span> <span class='ocrx_word' id='word_1_248' title='bbox 1848 2777 1893 2819; x_wconf 90' lang='lat' dir='ltr'>in</span> <span class='ocrx_word' id='word_1_249' title='bbox 1924 2777 2152 2819; x_wconf 86' lang='lat' dir='ltr'>latitudine</span> <span class='ocrx_word' id='word_1_250' title='bbox 2173 2777 2286 2819; x_wconf 89' lang='lat' dir='ltr'>inter</span> 
     </span>
     <span class='ocr_line' id='line_1_26' title="bbox 338 2867 2287 2923; baseline -0.006 -1"><span class='ocrx_word' id='word_1_251' title='bbox 338 2884 497 2922; x_wconf 86' lang='lat' dir='ltr'>terram</span> <span class='ocrx_word' id='word_1_252' title='bbox 527 2876 753 2920; x_wconf 76' lang='lat' dir='ltr'><strong>WALTERI</strong></span> <span class='ocrx_word' id='word_1_253' title='bbox 784 2873 1042 2916; x_wconf 79' lang='lat' dir='ltr'>THOMELYN</span> <span class='ocrx_word' id='word_1_254' title='bbox 1074 2872 1118 2913; x_wconf 93' lang='lat' dir='ltr'>in</span> <span class='ocrx_word' id='word_1_255' title='bbox 1150 2868 1400 2913; x_wconf 85' lang='lat' dir='ltr'>occidentali</span> <span class='ocrx_word' id='word_1_256' title='bbox 1430 2871 1549 2923; x_wconf 83' lang='lat' dir='ltr'>parte</span> <span class='ocrx_word' id='word_1_257' title='bbox 1581 2901 1588 2909; x_wconf 95' lang='lat'>.</span> <span class='ocrx_word' id='word_1_258' title='bbox 1622 2869 1666 2909; x_wconf 86' lang='lat' dir='ltr'>et</span> <span class='ocrx_word' id='word_1_259' title='bbox 1694 2872 1851 2909; x_wconf 83' lang='lat' dir='ltr'>terram</span> <span class='ocrx_word' id='word_1_260' title='bbox 1881 2867 2042 2910; x_wconf 80' lang='lat' dir='ltr'>ELENE</span> <span class='ocrx_word' id='word_1_261' title='bbox 2063 2868 2102 2910; x_wconf 88' lang='lat' dir='ltr'>le</span> <span class='ocrx_word' id='word_1_262' title='bbox 2122 2867 2287 2910; x_wconf 70' lang='lat' dir='ltr'>YoNGE</span> 
     </span>
     <span class='ocr_line' id='line_1_27' title="bbox 338 2958 2287 3022; baseline -0.006 -9"><span class='ocrx_word' id='word_1_263' title='bbox 338 2972 385 3013; x_wconf 89' lang='lat' dir='ltr'>in</span> <span class='ocrx_word' id='word_1_264' title='bbox 416 2968 613 3012; x_wconf 79' lang='lat' dir='ltr'>orientali</span> <span class='ocrx_word' id='word_1_265' title='bbox 643 2969 762 3022; x_wconf 81' lang='lat' dir='ltr'>parte</span> <span class='ocrx_word' id='word_1_266' title='bbox 795 2999 803 3006; x_wconf 91' lang='lat'><strong><em>.</em></strong></span> <span class='ocrx_word' id='word_1_267' title='bbox 837 2964 921 3006; x_wconf 83' lang='lat' dir='ltr'>alia</span> <span class='ocrx_word' id='word_1_268' title='bbox 952 2978 1047 3005; x_wconf 89' lang='lat' dir='ltr'>acra</span> <span class='ocrx_word' id='word_1_269' title='bbox 1077 2977 1176 3004; x_wconf 84' lang='lat' dir='ltr'>vero</span> <span class='ocrx_word' id='word_1_270' title='bbox 1205 2962 1319 3017; x_wconf 83' lang='lat' dir='ltr'>jacet</span> <span class='ocrx_word' id='word_1_271' title='bbox 1348 2960 1394 3002; x_wconf 91' lang='lat' dir='ltr'>in</span> <span class='ocrx_word' id='word_1_272' title='bbox 1427 2959 1700 3014; x_wconf 83' lang='lat' dir='ltr'>longitudine</span> <span class='ocrx_word' id='word_1_273' title='bbox 1729 2958 1841 3001; x_wconf 89' lang='lat' dir='ltr'>inter</span> <span class='ocrx_word' id='word_1_274' title='bbox 1870 2961 2027 3001; x_wconf 83' lang='lat' dir='ltr'>terram</span> <span class='ocrx_word' id='word_1_275' title='bbox 2056 2959 2087 3002; x_wconf 87' lang='lat' dir='ltr'><strong>J</strong></span> <span class='ocrx_word' id='word_1_276' title='bbox 2088 2973 2287 3001; x_wconf 76' lang='lat' dir='ltr'>oHANNIS</span> 
     </span>
    </p>
   </div>
   <div class='ocr_carea' id='block_1_8' title="bbox 340 3048 2288 3109">
    <p class='ocr_par' dir='ltr' id='par_1_11' title="bbox 340 3048 2288 3109">
     <span class='ocr_line' id='line_1_28' title="bbox 340 3048 2288 3109; baseline -0.005 -7"><span class='ocrx_word' id='word_1_277' title='bbox 340 3057 584 3104; x_wconf 82' lang='lat' dir='ltr'>MARZHOG’</span> <span class='ocrx_word' id='word_1_278' title='bbox 607 3057 653 3098; x_wconf 89' lang='lat' dir='ltr'>in</span> <span class='ocrx_word' id='word_1_279' title='bbox 674 3054 870 3098; x_wconf 85' lang='lat' dir='ltr'>orientali</span> <span class='ocrx_word' id='word_1_280' title='bbox 891 3057 1010 3109; x_wconf 84' lang='lat' dir='ltr'>parte</span> <span class='ocrx_word' id='word_1_281' title='bbox 1034 3087 1041 3095; x_wconf 91' lang='lat'><strong>.</strong></span> <span class='ocrx_word' id='word_1_282' title='bbox 1066 3057 1108 3095; x_wconf 86' lang='lat' dir='ltr'>et</span> <span class='ocrx_word' id='word_1_283' title='bbox 1129 3053 1243 3093; x_wconf 88' lang='lat' dir='ltr'>viam</span> <span class='ocrx_word' id='word_1_284' title='bbox 1275 3066 1360 3106; x_wconf 86' lang='lat' dir='ltr'>qua</span> <span class='ocrx_word' id='word_1_285' title='bbox 1391 3050 1480 3092; x_wconf 85' lang='lat' dir='ltr'>itur</span> <span class='ocrx_word' id='word_1_286' title='bbox 1512 3050 1564 3091; x_wconf 79' lang='lat' dir='ltr'>cle</span> <span class='ocrx_word' id='word_1_287' title='bbox 1599 3048 1841 3091; x_wconf 80' lang='lat' dir='ltr'>KENEFEG&#39;</span> <span class='ocrx_word' id='word_1_288' title='bbox 1875 3064 2019 3091; x_wconf 84' lang='lat' dir='ltr'>versus</span> <span class='ocrx_word' id='word_1_289' title='bbox 2051 3049 2288 3092; x_wconf 76' lang='lat' dir='ltr'>NorHASSE</span> 
     </span>
    </p>
   </div>
  </div>
 </body>
</html>
