2425 3423
261 163 374 205 2102

987 366 1368 411 MOOOOLXIII.

364 489 408 529 A
458 485 761 529 GENERAL
810 484 1055 529 LIVERY
1105 484 1229 526 FOR
1279 484 1562 528 EDWARD
1611 484 1987 528 STRADLING.

998 601 1217 658 [FONMON
1248 600 1368 657 MS]

1426 701 1482 742 28
1513 700 1629 743 Nov.
1692 702 1748 743 23
1779 701 1905 743 ΕΠΖ.
1970 702 2096 744 1580.

255 822 525 865 ELIZABETH
550 819 634 862 Dei
662 819 802 876 gratia
833 819 1019 861 ANGLIE
1049 818 1284 859 FFRANcm
1311 821 1355 860 et
1375 816 1617 859 HlssERmE
1639 816 1812 874 Regina
1833 817 1933 860 fidei
1962 817 2160 861 defensor

197 918 274 957 etc.
299 912 518 956 Escaetori
539 927 614 955 suo
634 911 681 953 in
702 910 908 953 comitatu
929 909 997 952 GL
1005 908 1233 951 AMORGAN'
1256 909 1450 951 salutem.
1498 907 1608 951 Cum
1628 923 1703 964 per
1733 910 1950 964 quandam
1980 909 2159 965 inquisi-

195 1005 360 1048 cionem
381 1019 518 1046 coram
541 1003 778 1045 EDWARDO
799 1000 965 1043 anrs
986 1005 1030 1042 et
1052 1001 1194 1042 R10E0
1225 999 1390 1042 LEWYS
1421 999 1637 1056 generosis
1666 999 1825 1042 virtute
1855 1000 2161 1044 commissionis

194 1099 337 1140 nostre
366 1095 545 1152 prefatis
580 1093 817 1136 Envvfflno
849 1095 891 1135 et
928 1092 1072 1135 Rmsso
1105 1106 1290 1134 unacum
1321 1090 1491 1133 'l'HOMA
1521 1089 1686 1132 LEWYs
1716 1091 1928 1147 armigero
1961 1091 2160 1134 LITSANO

194 1188 360 1231 LEWYS
411 1186 623 1243 armigero
675 1188 718 1228 et
774 1184 917 1227 R10E0
959 1182 1225 1226 WYLLYAMS
1265 1196 1469 1238 generoso
1512 1182 1572 1224 eis
1613 1182 1669 1223 ad
1709 1181 2014 1237 inquirendum
2063 1186 2160 1238 post

193 1282 375 1322 mortem
416 1278 643 1351 EDWARIJI
693 1275 986 1320 STRADLINGE
1027 1274 1221 1331 generosi
1254 1273 1448 1316 defuncti
1485 1277 1654 1329 captam
1695 1278 1737 1318 et
1777 1276 1822 1318 in
1864 1274 2160 1318 cancellariam

194 1375 384 1414 nostram
435 1372 697 1413 retornatam
752 1368 882 1423 (inter
931 1367 1033 1422 alia)
1078 1366 1134 1408 sit
1174 1369 1439 1421 compertum
1487 1366 1601 1421 quod
1640 1367 1856 1422 predictus
1896 1366 2160 1409 EDWARDUS

193 1462 488 1506 STRADLINGE
510 1462 555 1504 in
577 1461 693 1503 dicta
713 1458 1005 1502 commissione
1026 1457 1274 1500 nominatus
1294 1457 1363 1499 die
1385 1471 1469 1512 quo
1491 1457 1597 1499 obiit
1617 1457 1703 1500 fuit
1720 1458 1889 1500 seisitus
1904 1459 1957 1500 de
1971 1458 2161 1501 manerio

192 1556 245 1597 de
278 1552 698 1597 WEST-LANTWYTT
734 1551 839 1593 alias
871 1548 1392 1593 ABBATTES-LANTWYTT
1423 1548 1470 1590 in
1506 1549 1719 1592 dominico
1755 1564 1830 1592 suo
1860 1552 1909 1592 ut
1949 1551 2002 1592 de
2033 1550 2159 1593 feodo

190 1646 358 1689 talliato
397 1659 615 1687 remanere
655 1643 757 1685 inde
791 1642 917 1685 rectis
955 1640 1183 1684 heredibus
1221 1640 1354 1696 ipsius
1386 1639 1611 1682 EnwARm
1678 1640 1740 1683 Et
1772 1642 1887 1697 quod
1921 1641 2162 1684 manerium

193 1738 434 1795 predictum
466 1737 518 1778 de
559 1734 682 1778 nobis
721 1735 767 1776 in
804 1734 942 1790 capite
977 1748 1053 1789 per
1085 1732 1459 1788 quadragesimam
1498 1735 1665 1787 partem
1701 1732 1829 1774 unius
1859 1732 1974 1775 feodi
2014 1732 2165 1775 militis

194 1832 365 1873 tenetur
406 1863 414 1870 .
458 1827 524 1870 Ac
560 1827 676 1883 quod
714 1825 908 1882 prefatus
942 1824 1206 1866 EnwARnns
1243 1822 1350 1865 obiit
1383 1822 1581 1865 vicesimo
1621 1823 1690 1865 die
1740 1823 1769 1866 J
1773 1823 1851 1865 ulii
1890 1838 2003 1866 anno
2042 1823 2167 1879 regni

196 1921 331 1964 nostri
379 1919 578 1962 vicesimo
631 1917 843 1972 Quodque
887 1915 1150 1958 EDWARDUS
1201 1914 1493 1956 STRADLINGE
1543 1929 1773 1970 generosus
1822 1913 1908 1956 fuit
1958 1914 2073 1956 filius
2122 1918 2166 1957 et

196 2013 318 2055 heres
356 2011 491 2068 ipsius
520 2009 749 2052 EDWARm
785 2007 980 2050 defuncti
1048 2006 1110 2049 Et
1146 2007 1260 2062 quod
1290 2006 1406 2048 idem
1439 2006 1702 2048 EDWARDUS
1733 2005 1847 2048 filius
1876 2005 1962 2048 fuit
1982 2006 2052 2048 die
2082 2021 2165 2062 quo

199 2103 393 2161 prefatus
427 2102 691 2144 EDWARDUs
731 2102 853 2156 pater
888 2098 994 2142 obiit
1038 2099 1162 2154 plene
1212 2097 1338 2140 etatis
1378 2097 1579 2140 videlicet
1617 2097 1799 2153 triginta
1839 2112 1913 2140 sex
1954 2111 2165 2140 annorum

201 2194 263 2237 Et
294 2194 395 2250 quia
423 2193 617 2249 prefatus
647 2191 910 2234 EDWARDUS
941 2189 1234 2232 STRADLINGE
1271 2189 1385 2231 filius
1415 2189 1540 2244 plene
1570 2188 1696 2231 etatis
1736 2190 1922 2231 existens
1953 2189 2093 2231 exitus
2123 2192 2166 2231 et

202 2286 390 2343 proficua
420 2284 600 2341 predicti
630 2283 810 2326 manerii
841 2297 938 2325 cum
968 2281 1242 2338 pertinenciis
1272 2296 1298 2322 a
1327 2285 1518 2335 tempore
1549 2279 1696 2322 mortis
1725 2279 1906 2335 predicti
1940 2280 2170 2322 EDWARDI

205 2377 340 2434 patris
370 2390 503 2432 usque
524 2375 738 2418 decimum
758 2377 926 2416 sextum
947 2372 1062 2415 diem
1082 2371 1193 2414 Maii
1213 2372 1366 2414 ultimo
1386 2370 1640 2427 preteritum
1670 2369 1792 2413 nobis
1821 2370 1966 2413 debita
1987 2371 2033 2413 in
2054 2371 2172 2414 curia

209 2468 451 2510 wardorum
486 2470 528 2508 et
563 2464 870 2508 liberacionum
905 2466 1147 2506 nostrarum
1178 2462 1306 2518 juxta
1338 2462 1522 2504 formam
1554 2464 1674 2504 actus
1712 2461 1814 2504 inde
1846 2462 1952 2504 editi
1983 2461 2092 2504 bene
2130 2465 2174 2505 et

211 2558 394 2601 fideliter
415 2557 543 2599 soluit
563 2560 690 2612 prout
711 2570 786 2612 per
806 2554 1155 2597 certificacionem
1175 2553 1371 2610 magistri
1399 2557 1441 2596 et
1471 2552 1770 2595 officiariorum
1799 2552 1913 2595 curie
1933 2553 2173 2596 wardorum

212 2653 256 2692 et
275 2648 581 2692 liberacionum
601 2649 843 2689 nostrarum
863 2646 1150 2701 predictarum
1170 2645 1293 2688 nobis
1313 2645 1359 2686 in
1384 2644 1679 2686 cancellariam
1710 2647 1900 2686 nostram
1930 2643 2102 2686 missam
2124 2658 2172 2686 ac

210 2740 371 2783 ibidem
392 2741 445 2782 de
465 2740 636 2781 recordo
657 2738 913 2781 residentem
929 2737 1097 2793 plenius
1117 2740 1294 2793 apparet
1352 2735 1445 2779 Nos
1475 2750 1551 2791 pro
1582 2738 1675 2777 octo
1692 2734 1877 2777 denariis
1891 2734 2013 2777 nobis
2029 2735 2178 2778 solutis

214 2833 260 2874 in
281 2831 513 2886 hanaperio
533 2833 678 2872 nostro
699 2829 951 2885 homagium
970 2829 1104 2885 ipsius
1125 2827 1351 2870 Enwfflm
1384 2826 1463 2869 filii
1492 2825 1615 2869 nobis
1644 2825 1691 2868 in
1721 2825 1800 2867 hac
1829 2828 1951 2881 parte
1982 2825 2176 2869 debitum

218 2937 351 2977 usque
372 2922 528 2964 festum
558 2920 719 2963 Pasche
749 2920 944 2976 proximo
973 2919 1172 2963 futurum
1201 2918 1561 2975 respectuavimus
1591 2920 1634 2959 et
1663 2916 1802 2959 eidem
1832 2916 2068 2959 EDwARno
2088 2917 2177 2961 filio
