2425 3423
350 287 463 329 2300

291 495 492 549 predictis
512 496 729 538 monachis
750 500 896 539 contra
917 511 1062 540 omnes
1081 496 1273 540 homines
1293 498 1610 555 imperpetuum
1629 513 1705 554 pro
1727 498 1844 540 omni
1859 512 1979 554 posse
1999 502 2142 541 nostro
2166 532 2174 540 .
2197 502 2240 542 et

292 585 478 628 maxime
499 590 646 629 contra
666 590 848 642 nepotes>
861 591 904 629 et
924 602 1070 630 omnes
1090 589 1426 645 consanguineos
1441 592 1618 632 nostros.
1681 588 1741 631 Et
1762 589 1981 632 sciendum
1997 589 2111 644 quod
2127 603 2206 645 ego
2229 623 2238 631 .

294 679 337 717 et
368 676 582 719 MAnocns
616 677 811 720 BOGHAN
843 678 956 720 filius
985 693 1105 721 meus
1135 683 1178 721 et
1208 679 1329 722 heres
1371 713 1379 721 .
1422 681 1693 722 affidavimus
1733 684 1774 722 et
1814 695 1940 736 super
1979 683 2241 722 sacrosancta

292 767 462 809 ecclesie
491 769 544 811 de
576 768 779 811 MARGAN
809 769 1049 824 juravimus
1089 771 1203 825 quod
1232 770 1342 813 hanc
1373 771 1646 813 donationem
1677 774 1720 813 et
1749 771 1915 827 quitam
1944 770 2242 813 clamationem

292 858 475 901 fideliter
496 862 537 901 et
558 859 648 901 sine
668 861 782 911 dolo,
801 859 1061 903 servabimus
1082 860 1128 902 in
1149 864 1402 917 perpetuum
1434 891 1443 900 .
1477 861 1538 903 Et
1567 862 1623 904 ad
1652 862 1743 913 hoc,
1776 861 1968 918 plegium
1997 860 2241 903 invenimus

292 949 563 993 MORGANUM
595 951 733 993 filium
764 951 1000 993 MORGANI.
1062 951 1124 993 Et
1155 954 1203 993 ut
1233 951 1311 994 hec
1342 952 1518 994 donatio
1549 955 1591 994 et
1622 953 1743 1008 quita
1773 953 1972 995 clamatio
2002 966 2097 994 mea
2122 952 2246 994 firma

295 1044 467 1083 maneat
487 1042 533 1083 in
549 1045 817 1098 perpetuum,
834 1042 1022 1098 presenti
1039 1042 1193 1098 scripto
1210 1042 1404 1098 sigillum
1428 1057 1568 1084 meum
1589 1043 1779 1098 apposui.
1841 1043 1901 1086 Et
1922 1045 1978 1086 ad
1993 1044 2244 1100 petitionem

295 1146 435 1174 meam
459 1166 467 1174 .
491 1132 746 1176 MORGANUS
767 1134 880 1176 filius
900 1133 1121 1176 MORGANI
1144 1134 1339 1189 sigillum
1360 1148 1484 1176 suum
1505 1133 1700 1176 similiter
1720 1134 1930 1190 apposuit.

353 1223 456 1266 Hiis
497 1224 678 1267 testibus
711 1258 719 1266 .
754 1224 985 1266 MORGANO
1017 1224 1106 1267 filio
1138 1224 1361 1267 MORGANI
1396 1259 1404 1267 .
1439 1223 1675 1267 GREGORIO
1708 1225 1926 1282 capellano
1957 1227 2009 1271 de
2045 1227 2244 1269 AUENE.

296 1314 441 1357 OWEN
462 1315 515 1358 ab
537 1315 827 1358 ALAYTHUR.
856 1315 1111 1358 Yonmnno
1143 1315 1195 1358 ab
1229 1315 1374 1358 Espns
1404 1350 1412 1358 .
1447 1315 1565 1358 REso
1605 1315 1806 1359 VAGHAN
1841 1351 1849 1359 .
1887 1317 2093 1359 Howmo
2128 1316 2201 1359 Do
2236 1350 2243 1358 .

297 1405 481 1449 WRONU
502 1407 578 1449 DU
603 1441 610 1449 .
635 1411 675 1449 et
697 1407 845 1450 multis
866 1407 973 1450 aliis.

357 1497 460 1540 Two
483 1498 601 1550 seals,
625 1513 757 1555 green
778 1513 931 1541 wax—

363 1591 400 1631 1.
462 1589 647 1632 Pointed
670 1590 778 1642 oval‚
802 1605 826 1631 a
846 1590 1114 1633 fleur-de-lis.

795 1685 804 1703 ‘
830 1692 865 1728 -ξ-
899 1681 1059 1723 SIGILL'
1083 1696 1250 1723 MADOCI
1276 1716 1283 1723 .
1309 1697 1421 1724 FILII
1447 1717 1454 1725 .
1480 1682 1717 1725 KANAITH.’

356 1772 394 1813 2.
458 1770 641 1814 Pointed
663 1772 773 1823 oval,
795 1772 1036 1827 equestrian
1060 1775 1176 1828 type.

911 1873 919 1888 ‘
943 1870 983 1911 -4-
1013 1878 1228 1905 SIGILLVM
1253 1899 1261 1906 .
1287 1879 1494 1907 MORGANI
1519 1900 1526 1907 .
1553 1865 1670 1907 CAM.'

357 1952 653 1995 Endorsed—‘
672 1952 800 1995 Carta
821 1953 993 1996 Madoci
1015 1954 1095 1996 filii
1116 1954 1341 2007 Kanaith,'
1364 1957 1450 1998 and
1471 1956 1516 1998 in
1538 1971 1562 1998 a
1582 1956 1690 1998 later
1710 1955 1827 1997 hand
1851 1959 1860 1978 ‘
1877 1954 2121 2011 Pennydd.'

1118 2163 1439 2206 MDLXXIX.

302 2268 519 2311 GRANT
571 2269 656 2312 BY
698 2269 990 2313 RIOHARD
1025 2271 1380 2314 NORRENSIS
1418 2272 1499 2314 ΟΒ
1535 2271 1810 2314 NORREIS
1853 2271 1928 2314 TO
1972 2271 2252 2315 MARGAM

444 2360 672 2413 ABBEY,
735 2361 813 2402 OF
882 2362 972 2404 AN
1044 2362 1208 2406 AORE
1270 2363 1348 2406 OF
1408 2363 1584 2406 LAND
1641 2362 1722 2405 AT
1782 2363 2119 2415 PISHULLE‚
2179 2363 2251 2406 IN

450 2451 706 2494 KENFIG.

1020 2561 1250 2618 [MARGAM
1283 2562 1541 2619 CHARTER]

367 2666 576 2709 Omnibus
608 2666 762 2710 Sancte
798 2669 966 2711 ecclesie
998 2670 1098 2712 filiis
1132 2670 1397 2725 presentibus
1431 2673 1473 2712 et
1506 2669 1675 2721 futuris,
1713 2669 1944 2712 RmARnus
1984 2670 2257 2721 NoRRENSIs‚

309 2757 501 2800 salutem.

365 2847 518 2890 Sciatis
545 2850 659 2903 quod
689 2864 768 2905 ego
794 2851 976 2893 concessi
1005 2854 1048 2893 et
1083 2852 1182 2893 dedi
1213 2856 1256 2894 et
1278 2852 1357 2894 hac
1384 2856 1499 2894 carta
1526 2851 1771 2893 confirmavi
1800 2851 1854 2894 D.
1890 2856 1931 2894 et
1965 2868 1998 2895 e.
2034 2869 2065 2896 s.
2103 2854 2165 2896 M.
2203 2855 2256 2897 de

311 2939 514 2980 MARGAN
552 2942 594 2981 et
634 2954 689 2982 m.
720 2940 747 2982 i.
780 2940 835 2983 D.
866 2956 897 2983 s.
928 2957 1059 2984 unam
1095 2957 1234 2985 acram
1275 2943 1387 2998 prati
1420 2942 1658 2998 proximam
1686 2942 1824 2985 rivulo
1853 2943 1927 2998 qui
1962 2944 2117 2986 dividit
2145 2945 2258 2988 inter

309 3034 467 3072 terram
488 3031 541 3072 de
562 3030 794 3073 PISHULLE
817 3036 858 3073 et
879 3036 1036 3074 terram
1057 3048 1195 3075 meam
1219 3067 1226 3075 .
1250 3037 1298 3075 ut
1318 3033 1505 3075 habeant
1526 3047 1620 3075 eam
1640 3033 1686 3075 in
1708 3033 1982 3076 elemosinam
2006 3035 2034 3076 l.
2058 3039 2099 3077 et
2129 3050 2168 3091 q.
2201 3036 2254 3079 ab
