2425 3423
366 279 480 320 2306

1115 584 1452 628 MDLXXXV.

306 693 460 736 FINE
502 692 573 735 IN
614 691 745 734 THE
787 691 1063 734 OARDIFF
1093 691 1350 735 OOUNTY
1381 691 1586 735 GOURT
1618 692 1948 736 WHEREBY
1979 691 2256 735 MARGAM

449 783 666 827 ABBEY
700 782 1022 826 REOOVERS
1055 781 1330 826 AGAINST
1364 782 1641 826 GILBERT
1672 783 1756 826 DE
1788 782 2257 834 TURBERVILLE,

452 875 582 918 THE
624 874 830 918 MOORS
872 874 950 917 OF
991 873 1378 917 NEWOASTLE
1430 874 1564 917 AND
1618 873 2080 926 HAUEDHALOC,
2122 874 2258 917 AND

452 966 665 1010 MAKES
699 965 906 1009 TERMS
941 964 1333 1008 RESPEOTING
1365 965 1495 1008 THE
1528 965 1917 1008 TREATMENT
1948 965 2026 1008 OF
2055 964 2257 1007 THEIR

453 1057 658 1101 STRAY
707 1057 961 1100 OATTLE.

1022 1164 1254 1221 [MARGAM
1286 1164 1545 1221 CHARTER.]

1793 1258 1910 1299 lssm
1943 1256 2172 1299 CENTURY.

938 1347 1634 1391 OIROGRAPHUM.

367 1460 464 1502 Hec
484 1462 545 1502 est
568 1459 710 1501 finalis
730 1457 954 1501 concordia
976 1472 1057 1512 que
1088 1457 1203 1498 faeta
1234 1459 1296 1498 est
1326 1456 1371 1498 in
1403 1456 1519 1498 curia
1550 1456 1714 1498 domini
1746 1456 1880 1512 Regis
1911 1457 2026 1512 apud
2056 1455 2261 1498 KAIRDIF

308 1551 421 1593 inter
442 1551 617 1592 domum
639 1550 690 1590 de
714 1548 918 1590 MARGAN
942 1553 983 1590 et
1007 1547 1313 1590 GILEBERTUM
1330 1548 1382 1589 de
1405 1547 1734 1590 TURBERVILLA
1751 1548 1803 1589 de
1817 1550 1909 1589 tota
1921 1561 2040 1589 mora
2060 1547 2112 1588 (10
2132 1545 2263 1588 Novo

310 1642 537 1685 CASTELLO
574 1641 729 1683 scilicet
772 1640 886 1695 quod
927 1640 1078 1681 domus
1119 1639 1171 1680 de
1213 1638 1418 1680 MARGAN
1459 1638 1630 1694 pacifice
1671 1642 1713 1680 et
1754 1639 1843 1680 sine
1883 1637 2000 1680 omni
2041 1637 2264 1680 vexatione

309 1732 542 1790 possidebit
558 1735 692 1774 totam
710 1745 873 1772 moram
889 1731 940 1771 de
964 1729 1095 1772 Novo
1114 1729 1340 1772 CASTELLO
1361 1734 1451 1772 tam
1472 1730 1517 1771 in
1533 1730 1790 1785 proprietate
1812 1744 1941 1785 quam
1958 1729 2004 1771 in
2024 1728 2264 1771 communia

311 1824 419 1867 sicut
440 1826 555 1865 carta
576 1822 796 1864 MORGANI
819 1824 1000 1863 testatur
1032 1825 1073 1862 et
1104 1821 1212 1862 sicut
1242 1824 1358 1862 carta
1379 1821 1542 1863 domini
1564 1821 1698 1877 Regis
1719 1821 1758 1862 ei
1780 1821 2003 1863 confirmat
2026 1854 2033 1862 .
2057 1820 2150 1862 Nec
2171 1835 2264 1862 eam

310 1916 525 1971 predictus
549 1913 599 1956 Gr.
624 1914 676 1955 de
699 1912 1030 1955 TURBERVILLA
1053 1912 1105 1953 de
1126 1912 1314 1967 predicta
1339 1926 1458 1954 mora
1479 1912 1531 1954 de
1553 1911 1685 1954 Novo
1706 1911 1934 1953 CASTELLO
1965 1912 2032 1954 vel
2063 1912 2193 1953 etiam
2213 1912 2265 1953 de

313 2020 432 2048 mora
452 2006 504 2047 de
528 2004 848 2047 HAUEDHALOC
869 2003 1083 2045 occasione
1104 2002 1326 2045 forastarie
1348 2003 1578 2058 aliquando
1609 2018 1761 2045 vexare
1791 2007 2008 2058 presumat
2040 2037 2048 2045 .
2083 2002 2211 2048 Quod
2232 2002 2267 2044 si

315 2097 457 2139 averia
478 2097 629 2138 domus
649 2097 701 2137 de
723 2094 928 2137 MARGAN
951 2095 1002 2136 de
1024 2094 1214 2150 predicta
1234 2109 1353 2136 mora
1374 2095 1426 2136 de
1457 2093 1588 2136 Novo
1621 2094 1847 2136 CASTELLO
1877 2094 2021 2149 aliqua
2052 2094 2266 2136 occasione

317 2188 512 2231 venerint
551 2187 597 2229 in
638 2186 827 2241 aliquam
868 2186 1053 2228 vicinam
1088 2191 1307 2241 pasturam
1358 2200 1439 2240 que
1478 2185 1664 2240 pertinet
1704 2186 1758 2227 ad
1806 2185 2070 2228 forestariam
2110 2185 2267 2241 prefati

320 2279 372 2322 G.
396 2280 448 2321 de
470 2277 795 2320 TURBERVILLA
818 2279 861 2318 et
882 2291 963 2332 que
984 2291 1070 2318 non
1093 2276 1146 2318 sit
1169 2277 1221 2318 de
1243 2276 1472 2318 elemosina
1493 2276 1644 2318 domus
1665 2276 1717 2318 de
1746 2276 1951 2318 MARGAN
1976 2311 1983 2319 .
2007 2277 2121 2319 idem
2142 2276 2193 2319 G.
2217 2277 2269 2318 de

321 2371 651 2413 TURBERVILLA
686 2368 854 2410 nullum
888 2369 940 2409 de
974 2368 1125 2409 averiis
1157 2367 1242 2409 illis
1277 2367 1463 2410 occidere
1502 2402 1510 2409 .
1547 2382 1623 2409 nec
1656 2368 1769 2409 ultra
1802 2368 2021 2409 castellum
2054 2383 2177 2410 suum
2218 2368 2270 2409 de

325 2461 480 2504 comp
502 2461 642 2502 averia
662 2460 737 2501 illa
758 2474 910 2501 vexare
925 2458 1053 2500 faciet
1077 2491 1085 2500 .
1109 2459 1242 2500 donec
1262 2458 1340 2500 hoc
1360 2458 1500 2514 ipsum
1516 2459 1662 2500 domui
1683 2459 1735 2500 de
1761 2458 1964 2500 MARGAN
1995 2459 2225 2501 ostenderit
2258 2492 2266 2500 .

326 2552 387 2594 Et
406 2555 509 2593 tunc
530 2552 643 2606 quod
658 2550 824 2605 justum
845 2550 973 2591 fuerit
996 2564 1120 2604 super
1141 2549 1218 2591 hoc
1239 2550 1386 2591 domui
1407 2550 1459 2591 de
1482 2548 1684 2590 MARGAN
1706 2549 1795 2591 sine
1826 2550 2030 2592 dilatione
2061 2549 2200 2592 faciet.

386 2643 488 2685 Hiis
518 2641 696 2685 testibus
729 2675 736 2683 .
770 2639 905 2683 FALc’
937 2643 1041 2682 tunc
1082 2640 1325 2682 vicecomite
1356 2641 1408 2682 de
1439 2639 1610 2682 KAmn’
1655 2673 1663 2681 .
1708 2639 1966 2683 WILLELMO
1996 2642 2048 2683 de
2078 2640 2222 2682 LOND’
2258 2675 2266 2681 .

329 2734 554 2776 Pmmpo
585 2734 637 2775 de
668 2732 912 2774 MARECROS
945 2764 954 2773 .
988 2730 1221 2773 WALTERO
1243 2732 1295 2774 de
1316 2731 1455 2774 SULIE
1480 2764 1488 2772 .
1513 2731 1770 2774 WILLELMO
1791 2732 1843 2773 de
1865 2730 2061 2773 CANTEL'
2086 2766 2093 2774 .
2123 2732 2272 2774 PETRo

331 2827 433 2866 tunc
454 2824 591 2879 priore
612 2823 664 2865 de
685 2822 864 2864 Ewssm.

394 2915 490 2956 Seal
510 2914 715 2970 wanting.
