2425 3423
331 269 445 310 2396

263 469 456 510 omnium
478 468 664 510 filiarum
684 483 877 510 mearum
899 468 951 510 de
972 483 1004 510 c.
1029 483 1070 524 p.
1093 468 1123 511 J
1126 482 1314 511 OHANNE
1348 471 1661 525 proci-catarum
1694 471 1736 510 et
1765 467 1993 511 heredibus
2014 470 2067 512 de
2087 485 2120 512 c.
2145 485 2219 513 suo

267 557 296 600 l.
320 573 360 613 p.
422 557 484 600 Et
503 573 580 614 pro
601 558 772 601 defectu
790 558 831 600 h.
855 558 896 600 h.
920 559 975 601 ad
996 573 1118 601 vsum
1136 559 1342 602 heredum
1362 560 1415 602 de
1435 574 1606 615 corpore
1625 574 1720 601 meo
1741 559 1921 615 predicti
1941 559 2107 602 ΤΗΟΜΕ
2129 561 2156 603 l.
2180 577 2220 618 p.

266 649 327 691 Et
346 664 423 705 pro
444 649 615 692 defectu
635 649 676 691 h.
699 650 741 691 h.
766 650 820 691 ad
848 664 970 692 vsum
1000 649 1251 694 WILLELMI
1281 666 1335 706 ap
1365 651 1395 694 J
1398 665 1556 693 ANKYN
1587 665 1641 706 ap
1674 650 1889 693 RicHARn
1921 652 2052 707 patris
2073 653 2158 695 mei
2178 658 2220 697 et

264 740 471 783 heredum
493 755 665 783 suorum
684 741 1002 796 imperpetuum
1035 776 1042 783 .
1077 740 1133 784 In
1155 742 1273 797 cujus
1303 743 1364 785 rei
1393 742 1686 785 testimonium
1719 741 1817 784 huic
1847 744 2034 798 presenti
2065 744 2219 800 scripto

264 847 358 875 meo
388 832 611 875 indentato
653 832 844 888 sigillum
886 847 1030 875 meum
1059 834 1249 890 apposui.
1314 833 1421 890 Hijs
1454 833 1633 876 testibus
1668 867 1676 875 .
1715 833 1922 876 RICARno
1955 834 2177 878 WILLIAM
2210 871 2218 879 .

264 923 294 965 J
298 938 419 965 EUAN
442 923 588 966 GWYN
612 939 666 979 ap
687 923 717 966 J
720 938 813 965 OHN
837 939 889 979 ap
913 923 996 966 GR'
1032 958 1039 966 .
1074 924 1103 966 J
1106 939 1228 967 EUAN
1249 924 1387 967 'raom
1411 924 1547 967 Tum
1581 960 1588 967 .
1624 929 1666 967 et
1687 925 1847 968 multis.

323 1014 487 1057 Datum
520 1015 636 1070 apud
671 1014 861 1057 Nomos
898 1015 1132 1070 predictam
1163 1016 1412 1058 duodecimo
1443 1017 1510 1058 die
1551 1016 1708 1059 mensis
1745 1017 1911 1072 Aprilis
1946 1033 2059 1060 anno
2099 1021 2223 1076 regni

262 1105 397 1163 Regis
418 1105 624 1148 Hmuum
648 1106 785 1149 octavi
807 1110 902 1162 post
922 1110 1203 1162 conquestum
1223 1107 1408 1150 ANGmE
1430 1108 1695 1151 duodecimo.

321 1197 432 1249 Seal,
454 1198 530 1239 red
551 1212 659 1248 wax,
682 1213 738 1239 an
759 1197 902 1239 initial
923 1198 1062 1240 letter.

316 1287 383 1317 The
399 1288 596 1317 remainders
619 1288 651 1316 in
667 1288 724 1317 tail
738 1288 821 1318 male
837 1293 870 1318 to
887 1288 941 1317 the
955 1293 1101 1326 younqest
1116 1298 1192 1317 sons
1208 1290 1433 1327 successivoly,
1450 1299 1484 1319 ae
1499 1296 1548 1319 set
1571 1294 1628 1319 out
1646 1291 1676 1319 in
1694 1291 1760 1320 this
1777 1299 1992 1329 conveyance.
2009 1301 2062 1321 are
2077 1300 2206 1322 curlou*

274 1344 440 1382 examples
455 1345 489 1373 of
504 1344 560 1373 the
575 1344 655 1373 laws
670 1345 704 1374 of
719 1344 903 1374 successim]
919 1348 953 1374 to
968 1345 1033 1374 real
1051 1348 1205 1383 property
1221 1345 1253 1373 in
1272 1345 1389 1375 Wales.

1109 1568 1370 1612 MDCLIX.

263 1684 465 1728 LEAsE
522 1685 609 1728 BY
666 1685 898 1728 HENRY
953 1685 1105 1736 VIII.,
1147 1686 1221 1729 As
1277 1686 1445 1729 LORD
1503 1687 1581 1729 OF
1635 1687 2033 1732 GLAMOReAN
2083 1689 2218 1734 AND

408 1785 690 1837 MORGAN,
733 1785 810 1829 TO
853 1785 926 1829 W.
968 1785 1277 1829 LOGHOUR
1317 1787 1451 1830 AND
1494 1787 1664 1831 JOHN
1712 1788 1794 1831 ΑΡ
1836 1788 2093 1833 THOMAS
2133 1790 2216 1833 ΑΡ

413 1885 703 1938 HOWELL,
748 1885 826 1928 OF
880 1885 1010 1928 THE
1053 1885 1212 1928 MILL
1253 1886 1332 1928 OF
1374 1886 1633 1939 KENFIG,
1675 1888 1854 1931 WITH
1896 1888 2219 1933 GRINDING

413 1984 536 2028 FOR
564 1985 695 2028 THE
724 1984 1015 2028 TENANTS
1047 1984 1125 2027 OF
1155 1985 1433 2029 NEWTON
1461 1987 1768 2040 NOTASHE,
1796 1988 1919 2031 FOR
1950 1989 2217 2033 NINETY-

411 2085 572 2129 NINE
613 2085 820 2129 YEARS
863 2087 944 2130 AT
986 2088 1263 2131 TWENTY
1303 2086 1643 2130 SHILLINGS
1684 2087 1948 2131 YEARLY
1984 2088 2166 2132 RENT.

987 2195 1218 2253 [MARGAM
1251 2195 1509 2252 CHARTER.]

1250 2288 1303 2328 29
1326 2288 1490 2329 APRIL.
1556 2288 1608 2328 18
1640 2286 1814 2330 HENRY
1836 2287 1972 2331 VIII.
2039 2291 2162 2334 1526.

328 2393 568 2436 anmcus
606 2394 688 2436 Dei
724 2395 865 2450 gratia
887 2394 982 2437 Rex
1018 2396 1203 2437 Axomn
1245 2400 1288 2437 et
1325 2395 1530 2437 FRANCIE
1572 2401 1613 2437 et
1655 2395 1867 2438 Dominus
1901 2397 2141 2440 HIBERNIE
2173 2414 2221 2441 ac

268 2486 482 2528 Dominus
504 2485 865 2528 GLAMORGANCIE
887 2492 928 2529 et
950 2486 1225 2529 MORGANCIE
1248 2487 1445 2529 omnibus
1467 2488 1520 2528 ad
1543 2502 1649 2542 quos
1678 2494 1894 2544 presentes
1914 2490 2057 2532 littere
2076 2494 2218 2534 nostre

269 2580 464 2632 patentes
484 2577 755 2632 pervenerint
778 2578 972 2620 salutem.

327 2666 478 2709 Sciatis
499 2682 575 2709 nos
596 2669 842 2711 concessisse
865 2673 906 2711 et
927 2684 1002 2725 per
1021 2670 1098 2712 has
1117 2670 1281 2712 litteras
1312 2674 1477 2712 nostras
1505 2673 1698 2725 patentes
1718 2671 1774 2712 ad
1801 2671 1983 2714 ffirmam
2014 2673 2220 2716 dimisisse

272 2758 506 2800 WALTERO
527 2758 753 2801 LOGHOUR
774 2764 814 2801 et
836 2759 865 2802 J
868 2774 1046 2802 OHANNI
1068 2776 1122 2816 ap
1144 2760 1334 2803 Tnoms
1351 2776 1403 2816 ap
1418 2759 1623 2802 HOWELL
1640 2761 1935 2805 molendinum
1950 2764 2219 2819 granatioum

272 2850 324 2891 de
352 2849 638 2892 KENFFEGGE
671 2866 767 2892 cum
795 2852 881 2893 suis
905 2852 1174 2907 pertinentiis
1195 2856 1237 2894 et
1259 2852 1382 2894 sectis
1411 2852 1599 2895 multure
1622 2853 1676 2894 de
1702 2852 1907 2895 NEWTON
1933 2853 2150 2897 NOTASHE
2179 2859 2221 2899 et

271 2941 374 2983 alibi
402 2941 538 2982 eidem
566 2942 811 2984 molendino
843 2943 1168 2998 pertinentibus,
1205 2947 1331 2999 prout
1369 2943 1422 2986 ab
1458 2944 1634 2999 antiquo
1665 2945 1870 2987 vsitatum
1906 2946 2004 2997 fuit,
2034 2961 2216 2990 vnacum

271 3031 437 3074 duabus
458 3032 563 3074 acris
583 3036 694 3075 terre
714 3033 953 3089 jacentibus
973 3036 1087 3089 apud
1110 3034 1424 3085 GRAMESHILL,
1454 3038 1495 3077 et
1526 3036 1765 3078 extendunt
1795 3051 1837 3079 se
1867 3052 1892 3078 a
1921 3038 2057 3094 regali
2078 3038 2147 3080 via
2167 3053 2220 3081 ex
