2425 3423
1973 272 2085 313 2325

194 480 448 533 perpetuam
481 478 753 520 elemosinam
794 510 804 520 .
846 476 907 519 Et
946 480 1085 519 totum
1121 476 1300 518 feudum
1340 478 1392 519 de
1427 476 1681 520 LANDGEWI
1720 511 1729 520 .
1764 493 1817 520 ex
1845 479 1957 521 dono
1987 478 2143 521 DAvm

191 565 399 611 SCURLAG
421 572 463 611 et
483 575 795 611 antecessorum
815 567 910 624 ejus
933 602 940 609 .
965 571 1006 610 et
1028 570 1168 610 totum
1188 567 1446 611 forinsecum
1468 568 1691 611 servicium
1722 568 1916 625 ejusdem
1946 569 2066 611 feudi
2086 569 2141 612 ad

194 673 262 701 me
283 660 350 700 vel
371 660 425 701 ad
446 659 620 702 heredes
641 674 755 702 meos
775 659 993 715 pert-inens
1016 691 1024 699 .
1048 657 1226 713 prefatis
1245 657 1465 701 monachis
1484 659 1584 701 dedi
1605 660 1649 701 in
1680 663 1929 715 perpetuam
1950 660 2139 702 elemosi-

193 765 295 792 nam
316 752 359 792 et
380 751 548 806 quitum
569 750 749 793 clamavi
768 751 1083 806 imperpetuum
1103 751 1245 805 preter
1265 750 1488 792 dimidiam
1508 765 1694 793 marcam
1714 751 1884 807 argenti
1903 765 1979 806 pro
1999 751 2142 793 warda

194 843 236 882 et
268 841 384 882 omni
414 841 497 883 alio
528 841 700 883 servicio
731 842 785 883 ad
815 856 882 883 me
914 841 980 882 vel
1010 841 1065 882 ad
1096 840 1269 882 heredes
1299 855 1414 882 meos
1444 841 1685 896 pertinente
1725 875 1734 883 .
1766 842 1991 883 annuatim
2021 840 2143 884 nobis

192 932 466 974 reddendam.
529 931 590 974 Et
611 935 768 974 terram
790 931 862 976 W.
885 931 1126 974 LACHELES
1159 965 1167 973 .
1200 934 1243 973 et
1272 931 1476 987 quicquid
1506 931 1667 974 habent
1696 947 1750 974 ex
1780 933 1891 975 dono
1911 931 2142 974 liberorum

194 1022 418 1064 hominum
438 1037 629 1065 meorum
649 1023 696 1064 in
717 1022 845 1064 feudo
867 1022 989 1065 Novi
1011 1021 1228 1064 CASTELLI
1253 1055 1262 1064 .
1286 1025 1329 1064 et
1350 1022 1658 1065 concessionem
1676 1056 1685 1065 .
1704 1022 1762 1065 N.
1782 1022 1928 1065 anz
1944 1024 1996 1064 de
2011 1023 2143 1065 feudo

193 1114 246 1155 de
280 1113 538 1156 LANDGEWI
576 1148 584 1156 .
620 1114 679 1156 eis
714 1114 896 1156 concessi
932 1117 975 1156 et
1012 1114 1258 1156 confirmavi
1300 1147 1309 1155 .
1342 1113 1403 1156 Et
1440 1129 1492 1156 ex
1528 1115 1639 1157 dono
1672 1115 1858 1157 filiorum
1894 1114 2141 1157 Hmzssmm

194 1204 502 1247 KILLECULUM
518 1220 594 1260 per
607 1205 762 1247 divisas
778 1220 873 1248 suas
885 1220 978 1246 cum
995 1204 1263 1260 pertinentiis
1279 1205 1365 1248 suis
1383 1238 1391 1247 .
1410 1209 1453 1248 et
1469 1208 1608 1247 totum
1620 1205 1874 1248 forinsecum
1891 1205 2113 1248 servicium
2132 1240 2141 1248 .

194 1295 351 1338 scilicet
387 1296 500 1351 quod
535 1296 590 1337 ad
626 1296 851 1351 coquinam
885 1296 1005 1338 reddi
1040 1295 1201 1338 solebat
1236 1296 1394 1339 eisdem
1429 1296 1646 1338 monachis
1679 1296 1778 1339 dedi
1813 1296 1858 1338 in
1891 1299 2142 1352 perpetuam

193 1386 468 1429 elemosinam
501 1421 507 1427 .
547 1391 601 1441 (et
632 1392 760 1427 cetera
789 1389 922 1428 omnia
955 1389 1056 1428 sz'cnt
1096 1401 1220 1439 supra
1251 1389 1370 1428 donec
1406 1390 1592 1429 veniatur
1632 1390 1686 1428 ad
1723 1386 1964 1429 PULTIMOR
1994 1389 2063 1428 ubi
2090 1390 2146 1429 sic

198 1478 364 1518 habetur
397 1479 424 1530 .)
465 1476 525 1519 Et
555 1481 712 1518 terram
749 1491 830 1532 que
863 1477 1104 1532 appellatur
1144 1476 1384 1519 PULTIMOR
1424 1481 1529 1534 aput
1569 1477 1917 1520 LANDMEUTHIN
1961 1512 1970 1520 .
2013 1478 2073 1520 Et
2110 1478 2145 1520 si

193 1568 367 1624 aliquod
396 1569 654 1611 forinsecum
685 1569 907 1612 servicium
938 1570 1193 1625 pertinuerit
1221 1569 1351 1612 michi
1381 1570 1449 1613 vel
1479 1569 1811 1612 antecessoribus
1841 1569 1946 1612 meis
1975 1570 2028 1612 de
2056 1570 2147 1626 ipsa

192 1662 306 1702 terra
327 1660 379 1701 de
401 1659 640 1702 PULTIMOR
664 1693 673 1702 .
698 1659 807 1702 illud
828 1660 1018 1702 totaliter
1037 1661 1136 1702 dedi
1158 1663 1200 1703 et
1230 1660 1372 1703 remisi
1402 1659 1579 1715 prefatis
1609 1659 1826 1702 monachis
1855 1660 1901 1702 in
1931 1675 2082 1715 puram
2103 1662 2146 1702 et

192 1753 442 1806 perpetuam
463 1751 736 1793 elemosinam
760 1784 768 1792 .
792 1754 835 1792 et
856 1751 1049 1806 quietum
1065 1751 1245 1793 clamavi
1260 1752 1576 1806 imperpetuum
1600 1784 1608 1792 .
1632 1750 1693 1792 Et
1715 1785 1723 1792 .
1749 1765 1790 1792 x.
1815 1751 2014 1793 solidatas
2033 1754 2144 1793 terre

192 1844 295 1898 aput
317 1841 565 1884 MARECRos
586 1857 639 1884 ex
661 1843 772 1884 dono
793 1841 1010 1883 PH1L1PP1
1033 1843 1085 1884 de
1108 1842 1350 1884 MARECROS
1374 1875 1382 1884 .
1404 1841 1466 1883 Et
1485 1840 1628 1883 remisi
1650 1841 1709 1883 eis
1729 1841 1946 1884 redditum
1966 1841 2144 1897 coquine

193 1933 246 1975 de
266 1935 379 1975 terra
401 1932 723 1976 GrrLLEMicHEL
746 1966 754 1974 .
779 1935 821 1974 et
840 1932 1057 1974 redditum
1080 1966 1088 1974 .
1113 1939 1233 1974 111J01'·
1258 1932 1490 1974 solidorum
1511 1934 1554 1973 et
1576 1965 1585 1974 .
1620 1946 1692 1973 11J.
1717 1930 1936 1974 obolorum
1957 1932 2010 1974 de
2030 1934 2144 1975 terra

195 2038 276 2078 que
297 2023 383 2065 fuit
402 2023 432 2066 J
435 2037 635 2065 OHANNIS
658 2023 916 2066 TROINGAM.

254 2113 454 2156 Preterea
476 2113 574 2155 dedi
595 2113 655 2155 eis
676 2127 947 2155 communam
968 2113 1014 2155 in
1035 2115 1126 2155 toto
1147 2113 1323 2155 marisco
1345 2127 1438 2155 meo
1458 2112 1511 2154 ab
1533 2112 1838 2154 occidentalem
1855 2115 2020 2168 partem
2041 2113 2142 2156 ville

193 2205 246 2246 de
277 2203 492 2246 KAERDIF
523 2204 635 2245 inter
666 2202 762 2245 ΤΑΕ
794 2206 835 2245 et
867 2203 995 2244 ELEY
1029 2237 1038 2244 .
1071 2203 1132 2245 ita
1162 2204 1277 2258 quod
1307 2217 1382 2257 pro
1423 2202 1605 2258 singulis
1646 2202 1855 2257 capitibus
1890 2203 2142 2247 animalium

193 2309 366 2336 suorum
396 2297 568 2336 tantum
598 2295 779 2336 reddent
809 2293 939 2336 michi
969 2297 1011 2336 et
1041 2293 1267 2336 heredibus
1307 2293 1531 2335 annuatim
1573 2294 1782 2348 quantum
1822 2292 2055 2349 burgenses
2090 2295 2143 2337 de

194 2384 410 2428 KAERDIF
441 2399 517 2440 pro
549 2384 729 2440 singulis
760 2384 969 2440 capitibus
999 2384 1250 2426 animalium
1280 2399 1451 2426 suorum
1482 2384 1527 2425 in
1559 2384 1707 2426 eadem
1737 2383 1841 2426 hora
1876 2385 1972 2438 (for
2003 2385 2138 2440 mora)

194 2475 463 2532 pascencium
483 2475 659 2517 reddere
681 2475 872 2517 solebant
891 2477 1081 2530 tempore
1102 2477 1235 2531 patris
1256 2475 1352 2517 mei.

252 2565 348 2608 Hec
369 2566 512 2608 omnia
533 2566 715 2608 concessi
737 2565 896 2608 eisdem
917 2565 1134 2608 monachis
1155 2568 1198 2607 et
1219 2565 1464 2607 confirmavi
1487 2599 1495 2607 .
1524 2566 1578 2620 (et
1600 2570 1730 2607 cetera
1753 2569 1797 2606 ut
1817 2566 1973 2620 supra.)
