2425 3423
364 254 478 295 2368

1085 593 1474 638 MDOXXXVII.

304 699 521 743 ROYAL
562 700 793 743 NOTICE
834 698 911 743 To
959 699 1090 742 THE
1130 700 1339 745 KING’S
1381 700 1682 745 OFFIGERS
1732 700 1812 743 OF
1862 700 2258 744 GLAMORGAN

450 791 528 834 oF
569 791 700 834 THE
739 790 1025 835 OUSTODY
1056 791 1134 834 OF
1168 792 1564 836 GLAMORGAN
1605 791 1917 835 SEAPORTS
1954 791 2256 835 GRANTED

450 882 527 925 ΤΟ
567 881 737 925 JOHN
777 881 946 925 JUYL
984 882 1120 924 AND
1161 882 1421 926 OTHERS.

821 989 950 1047 [PAT.
984 989 1093 1032 ROT.
1155 991 1210 1033 20
1243 991 1369 1033 Enw.
1403 991 1467 1034 ΙΙ.
1530 991 1688 1033 ΜΕΜΒ.
1713 990 1777 1047 7.]

1490 1084 1516 1124 4
1538 1082 1654 1124 Nor.
1717 1083 1772 1123 20
1793 1081 1920 1123 Enw.
1944 1080 2008 1124 Π.
2075 1082 2197 1124 1326.

385 1189 480 1232 Pno
517 1189 649 1231 REGE
682 1221 694 1233 .
726 1204 783 1231 DE
827 1203 1130 1231 CUSTODIENDO
1171 1204 1317 1231 OMNEs
1360 1205 1524 1232 roaros
1565 1205 1619 1231 ET
1661 1205 1768 1232 LOCA
1810 1204 1899 1231 PER
1940 1203 2167 1231 COSTERAM

887 1294 1025 1321 MARls
1057 1294 1195 1322 INTER
1226 1280 1380 1323 TAFFE
1414 1296 1468 1323 ET
1500 1281 1691 1324 THAWE.

357 1371 453 1413 Rex
482 1371 721 1413 senescallis
746 1370 1062 1413 vicecomitibus
1087 1370 1408 1414 constabulariis
1432 1371 1601 1414 ballivis
1629 1372 1835 1414 ministris
1862 1376 1904 1414 et
1929 1371 2126 1414 omnibus
2152 1372 2254 1414 fide-

300 1462 412 1505 libus
445 1462 531 1505 suis
560 1466 650 1505 tam
677 1462 897 1505 ANGLICIS
931 1477 1060 1518 quam
1093 1462 1324 1505 WAmeIs
1357 1464 1409 1505 de
1445 1469 1557 1505 terra
1584 1464 1636 1505 de
1667 1462 1954 1505 GLAMORGAN
1991 1466 2033 1504 et
2064 1462 2256 1518 partibus

297 1552 595 1608 adjacentibus
616 1557 705 1595 tam
726 1552 841 1594 infra
861 1552 1080 1595 libertates
1100 1567 1230 1608 quam
1251 1556 1371 1594 extra
1392 1554 1446 1596 ad
1467 1569 1584 1609 quos,
1607 1557 1699 1606 ete„
1722 1555 1916 1596 salutem.

357 1643 509 1686 Sciatis
534 1645 648 1699 quod
665 1643 979 1700 assignavimus
1001 1644 1177 1686 dilectos
1203 1644 1323 1686 nobis
1349 1643 1378 1686 J
1380 1658 1605 1686 OHANNEM
1631 1644 1660 1687 J
1664 1659 1752 1686 UYL
1776 1678 1784 1686 .
1808 1644 2014 1687 THOMAM
2035 1645 2220 1688 SOMERY
2243 1679 2252 1688 .

299 1735 568 1777 PfflmppnM
593 1734 720 1777 Goon
743 1768 754 1778 .
777 1738 819 1777 et
851 1734 1125 1778 WALTERUM
1149 1734 1287 1786 osam,
1314 1735 1576 1791 conjunctim
1598 1739 1640 1777 et
1661 1736 1832 1777 divisim
1853 1736 1907 1778 ad
1928 1736 2253 1779 custodiendum

298 1841 447 1868 omnes
467 1830 614 1881 portus
635 1829 678 1868 et
698 1826 789 1868 loca
818 1841 891 1881 per
920 1829 1125 1868 costeram
1158 1826 1286 1868 maris
1314 1827 1425 1868 inter
1454 1826 1607 1868 TAFFE
1634 1833 1675 1867 et
1711 1826 1884 1868 '1¹11wa-
1911 1830 2056 1869 contra
2082 1827 2258 1871 hostiles

299 1932 525 1974 aggressus
567 1916 837 1959 inimicorum
877 1923 919 1959 et
959 1916 1183 1959 rebellium
1224 1921 1463 1959 nostrorum
1503 1933 1550 1959 ac
1583 1918 1921 1974 alienigenarum
1963 1919 2035 1974 qui
2074 1934 2257 1975 regnum

298 2012 491 2051 nostrum
512 2008 723 2050 hostiliter
743 2013 841 2051 sunt
867 2008 1060 2065 ingressi,
1094 2009 1127 2050 si
1161 2010 1235 2064 qui
1267 2009 1411 2051 forsan
1441 2019 1597 2051 terram
1622 2015 1811 2051 nostram
1843 2010 2013 2065 ingredi
2045 2011 2257 2053 voluerint

297 2115 372 2155 per
411 2103 557 2156 portus
599 2106 640 2141 et
681 2100 772 2142 loca
813 2100 1056 2155 supradicta
1099 2134 1106 2142 .
1148 2100 1207 2142 Et
1238 2101 1333 2142 ideo
1366 2099 1485 2142 vobis
1513 2099 1710 2142 omnibus
1746 2105 1787 2142 et
1820 2100 2001 2157 singulis
2033 2101 2079 2143 in
2104 2102 2187 2144 fide
2214 2105 2257 2144 et

297 2191 508 2247 ligeancia
548 2189 702 2246 quibus
747 2190 868 2233 nobis
888 2191 1097 2233 tenemini
1145 2191 1322 2233 firmiter
1358 2190 1624 2246 injungendo
1661 2192 1913 2234 mandamus
1949 2193 2065 2247 quod
2097 2193 2255 2236 eisdem

297 2282 328 2325 J
331 2296 508 2324 OHANNI
532 2315 541 2324 .
565 2281 732 2324 ΤΗΟΜΕ
756 2317 764 2323 .
789 2281 1016 2324 PHILIPPO
1039 2317 1047 2324 .
1072 2287 1113 2324 et
1137 2282 1369 2325 WAL'rl-:Ro
1391 2314 1402 2324 .
1425 2292 1466 2323 et
1488 2297 1633 2323 eornm
1664 2281 1837 2324 cuilibet
1867 2282 1911 2324 in
1945 2282 2142 2326 omnibus
2174 2299 2256 2339 que

302 2375 356 2415 ad
378 2374 538 2416 salvam
559 2377 601 2416 et
623 2388 811 2415 seoin'am
833 2374 1067 2415 Custodiam
1089 2378 1290 2429 portuum
1311 2381 1354 2415 et
1373 2374 1561 2415 locorum
1591 2373 1878 2428 predictorum
1910 2374 2124 2429 pertinent
2159 2390 2255 2418 cum

304 2468 395 2507 toto
417 2479 537 2520 posse
557 2467 696 2507 vestro
717 2464 988 2506 intendentes
1009 2465 1100 2506 sitis
1128 2465 1393 2507 consulentes
1414 2468 1455 2506 et
1487 2464 1744 2506 auxiliantes
1778 2464 1977 2520 quociens
2009 2469 2052 2508 et
2086 2468 2257 2522 quando

303 2571 378 2611 per
398 2556 510 2612 ipsos
538 2571 611 2598 seu
644 2570 790 2598 eorum
820 2555 1005 2611 aliquem
1036 2571 1161 2612 super
1191 2556 1269 2598 hoe
1289 2572 1341 2598 ex
1369 2559 1489 2611 parte
1516 2558 1660 2597 nostra
1693 2555 1860 2598 fueritis
1886 2557 2128 2612 premoniti.
2201 2558 2257 2601 In

307 2646 444 2702 cujus,
476 2650 553 2689 eto,

367 2737 492 2779 Teste
515 2737 635 2793 Rege
656 2739 771 2793 apud
793 2737 992 2780 Monam
1020 2739 1115 2792 (ena,
1138 2737 1363 2791 MARGAM)
1391 2739 1505 2778 Immo.
1533 2737 1601 2779 die
1622 2736 1890 2780 Novembris.

1760 2843 1835 2883 per
1855 2829 1996 2884 ipsum
2019 2828 2197 2886 Regem.

878 2885 951 2922 (See
972 2886 1066 2915 Arc-h.
1086 2886 1216 2915 Κυνικὸν..
1233 2885 1287 2914 oth
1304 2885 1418 2921 Series,
1434 2884 1637 2922 V01.1V.,p.
1656 2886 1735 2921 179.)
