2425 3423
1867 270 1976 311 2371

90 481 347 523 confidentes
380 481 729 523 commisissemus
764 479 881 522 vobis
914 479 1148 521 custodiam
1181 479 1305 521 castri
1337 478 1517 534 predicti
1552 492 1648 520 cum
1682 478 1954 534 pertinenciis
1985 492 2035 520 ac

89 563 281 606 omnium
320 563 528 605 bonorum
568 566 807 606 nostrorum
847 561 1132 617 predictorum
1165 561 1370 617 quamdiu
1402 560 1524 603 nobis
1562 561 1772 616 placeret:
1814 560 1886 603 Ita
1919 560 2034 615 quod

87 649 272 688 castrum
291 646 400 688 illud
420 645 544 688 uxori
563 649 704 688 nostre
724 660 800 687 nec
821 644 1057 686 EDWARDO
1079 644 1165 686 filio
1186 647 1328 686 nostro
1350 659 1427 686 nec
1448 643 1575 685 alicui
1596 643 1720 685 alteri
1740 642 2030 698 cujuscunque

91 731 225 770 status
246 744 320 771 seu
350 728 606 771 condicionis
631 728 840 779 existeret,
865 727 948 769 nisi
975 726 1096 769 nobis
1121 742 1194 769 seu
1218 727 1282 768 illi
1310 741 1385 782 per
1405 741 1532 782 quem
1551 726 1695 768 literas
1725 728 1888 768 nostras
1914 724 2033 767 vobis

90 811 326 867 specialiter
356 811 478 853 certis
506 811 752 866 intersignis
781 811 892 852 inter
921 824 995 851 vos
1025 813 1067 851 et
1096 823 1173 851 nos
1213 809 1412 851 stabilitis
1451 808 1730 864 dirigeremus
1759 807 2033 863 quovismodo

90 893 326 936 liberaretis
346 893 423 935 sub
444 908 554 948 pena
569 892 815 935 trahicionis
833 895 877 935 et
896 892 1163 934 forisfacture
1179 895 1388 934 terrarum
1404 895 1443 934 et
1466 894 1805 933 tenementorum
1825 889 2033 932 bonorum

91 980 133 1018 et
153 976 403 1018 catallorum
424 979 658 1018 vestrorum
678 990 1050 1031 quorumcumque,
1068 975 1122 1017 ad
1143 990 1224 1030 que
1245 974 1418 1030 quidem
1439 978 1623 1017 castrum
1643 978 1685 1016 et
1705 973 1817 1016 bona
1829 973 1875 1015 in
1895 972 2034 1014 forma

87 1058 277 1113 predicta
312 1058 587 1100 custodienda
620 1060 928 1100 sacramentum
961 1057 1173 1112 corporale
1203 1072 1299 1099 cum
1330 1056 1450 1099 nobis
1478 1071 1603 1112 super
1633 1060 1778 1098 sancta
1810 1054 2034 1110 evangelia

92 1141 366 1197 prestitistis:
415 1140 528 1187 Quia
559 1145 702 1182 tamen
731 1140 821 1195 jam
862 1139 1146 1182 commisimus
1177 1139 1329 1181 dilecto
1362 1143 1404 1181 et
1437 1138 1553 1180 fideli
1589 1142 1731 1180 nostro
1765 1137 1952 1180 Rocmzo
1983 1137 2035 1179 de

90 1222 334 1265 CHAUNDOS
384 1223 618 1265 custodiam
668 1223 791 1264 castri
832 1226 874 1264 et
922 1223 1130 1265 bonorum
1169 1225 1410 1264 nostrorum
1449 1221 1748 1277 predictorum,
1789 1219 2034 1262 habendum

94 1305 298 1360 quamdiu
320 1305 442 1347 nobis
464 1306 660 1360 placeret,
687 1308 814 1360 prout
848 1306 893 1346 in
918 1305 1051 1346 literis
1083 1305 1236 1347 nostris
1269 1303 1514 1360 patentibus
1546 1304 1687 1346 eidem
1715 1303 1903 1345 Romano
1933 1302 2033 1343 inde

96 1388 295 1430 confectis
315 1388 481 1442 plenius
502 1388 756 1439 continetur,
788 1387 905 1429 vobis
935 1389 1185 1429 mandamus
1213 1386 1290 1429 sub
1319 1386 1588 1429 forisfactura
1613 1395 1822 1428 terrarum
1852 1388 1895 1426 et
1923 1388 2040 1426 tene-

97 1476 338 1512 mentorum
359 1469 565 1512 bonorum
586 1477 628 1511 et
649 1470 897 1512 catallorum
918 1485 965 1511 ac
987 1471 1178 1512 omnium
1199 1470 1378 1512 aliorum
1398 1484 1480 1524 que
1501 1468 1623 1511 nobis
1653 1468 1893 1510 forisfacere
1924 1473 2039 1522 pote-

97 1552 189 1594 ritis
219 1552 397 1594 firmiter
426 1552 704 1608 injungentes
735 1554 848 1608 quod
879 1553 1016 1594 eidem
1048 1552 1234 1594 ROGERO
1264 1558 1448 1594 castrum
1470 1555 1512 1594 et
1533 1551 1645 1594 bona
1665 1555 1809 1594 nostra
1829 1551 1874 1591 in
1895 1550 2043 1592 eodem

98 1635 323 1677 existentia
351 1650 425 1690 per
448 1635 722 1677 indenturam
750 1637 860 1677 inter
895 1650 968 1677 vos
1004 1642 1044 1677 et
1082 1636 1221 1689 ipsum
1250 1635 1350 1676 inde
1382 1634 1686 1677 conficiendam
1713 1634 1802 1675 sine
1836 1632 2042 1674 dilacione

97 1718 239 1773 aliqua
259 1717 506 1769 liberaretis,
529 1733 613 1759 uon
637 1717 830 1759 obstante
852 1719 965 1773 quod
986 1718 1098 1759 dicta
1123 1717 1360 1772 intersigna
1381 1717 1439 1758 sic
1459 1717 1571 1758 inter
1593 1731 1668 1758 nos
1689 1719 1731 1757 et
1753 1731 1824 1757 vos
1855 1714 2044 1757 stabilita

100 1815 181 1855 que
213 1800 335 1842 certis
367 1801 419 1842 de
452 1800 586 1842 causis
622 1800 878 1842 subticemus
914 1801 968 1841 ad
1005 1815 1175 1854 presens
1214 1800 1259 1840 in
1301 1798 1565 1854 presentibus
1600 1798 1734 1839 literis
1773 1798 1926 1839 nostris
1958 1811 2044 1838 non

101 1883 372 1925 continentur
395 1916 402 1924 .
426 1882 637 1924 Volumus
659 1882 771 1923 enim
796 1897 867 1924 vos
894 1883 946 1924 de
977 1887 1110 1923 castro
1138 1885 1180 1923 et
1204 1881 1326 1922 bonis
1354 1881 1506 1922 nostris
1533 1880 1731 1935 predictis
1758 1895 1805 1922 ac
1835 1880 1887 1921 de
1912 1894 2047 1921 sacra-

101 1969 244 2008 mento
271 1980 347 2021 per
376 1981 449 2007 vos
483 1981 621 2007 coram
658 1965 778 2008 nobis
811 1965 998 2020 prestito,
1037 1965 1139 2007 sicut
1179 1964 1417 2019 predictum
1451 1967 1525 2014 est,
1562 1978 1729 2005 exnunc
1764 1977 1865 2018 erga
1896 1977 1972 2004 nos
2006 1964 2049 2004 et

101 2048 276 2090 heredes
295 2053 459 2090 nostros
481 2048 670 2090 totaliter
694 2048 925 2090 exonerari.
990 2049 1043 2088 In
1065 2047 1132 2102 cuj
1139 2062 1202 2098 us,
1223 2049 1299 2088 etc.

163 2131 289 2174 Teste
309 2134 358 2173 ut
381 2147 506 2187 supra
532 2134 609 2186 (ist.
636 2131 756 2187 Rege
777 2132 891 2186 apud
912 2131 1233 2173 KENILWORTH
1257 2164 1264 2172 .
1291 2144 1394 2171 xxx.
1417 2130 1486 2171 die
1507 2128 1783 2181 Decembris.)

638 2217 710 2249 (Nee
730 2213 822 2242 Arch.
843 2213 973 2249 ('a711br‚
989 2213 1043 2241 mh
1060 2212 1172 2248 Series,
1189 2212 1262 2240 Vol.
1277 2211 1346 2240 IV..
1363 2221 1395 2249 p.
1414 2212 1494 2247 181.)

956 2385 1214 2428 MDCXLI.

106 2485 318 2528 ROYAL
352 2485 566 2529 GRANT
600 2486 675 2528 To
713 2485 968 2529 THOMAS
1002 2485 1086 2527 DE
1121 2483 1409 2527 LONDRES
1444 2483 1521 2526 OF
1552 2483 1682 2525 THE
1716 2481 2050 2525 TREASURE

450 2569 585 2611 AND
626 2568 853 2611 STORES
894 2568 964 2610 IN
1007 2565 1416 2610 GAERPHILLY
1457 2564 1704 2608 CASTLE.

280 2659 366 2716 [(1)
393 2660 500 2702 Ro'r.
525 2659 655 2701 Ome.
718 2661 772 2701 20
794 2660 920 2701 Enw.
945 2658 1009 2700 ΙΙ.
1043 2659 1232 2700 MEMBR.
1265 2659 1305 2709 9,
1338 2671 1430 2698 AND
1467 2657 1527 2712 (2)
1566 2657 1587 2697 1
1613 2655 1739 2697 Enw.
1763 2655 1875 2711 HL]

1635 2739 1661 2779 3
1697 2738 1801 2780 JAN.
1866 2739 1992 2781 1327.

196 2823 267 2865 DE
299 2839 510 2866 cusTomA
540 2838 765 2866 THEsAum
797 2839 843 2866 IN
878 2838 1037 2866 CASTRO
1069 2838 1125 2864 DE
1157 2821 1426 2864 KAERFILLY
1459 2834 1703 2862 ExisTENTE
1735 2835 1964 2863 COMMISSA.

166 2913 261 2955 Rex
283 2913 477 2956 omnibus
497 2915 551 2956 ad
573 2929 688 2969 quos,
711 2918 804 2963 ete„
831 2915 1023 2956 salutem.

164 3002 314 3045 Sciatis
335 3005 447 3058 quod
475 3004 758 3046 commisimus
788 3005 940 3046 dilecto
968 3004 1115 3046 clerieo
1138 3006 1280 3045 nostro
1314 3001 1483 3043 ΤΗΟΜΕ
1505 3003 1557 3043 de
1581 3000 1786 3043 LONDON'
1819 3002 2055 3045 custodiam

110 3094 243 3136 tocius
281 3093 468 3136 thesauri
507 3095 640 3136 nostri
681 3095 774 3137 auri
814 3098 857 3137 et
902 3095 1070 3151 argenti
1120 3097 1431 3136 armaturarum
1481 3092 1730 3134 victualium
1772 3095 1815 3134 et
1864 3093 2056 3135 omnium
