2425 3423
2014 264 2125 306 2297

1057 582 1374 627 MDLXXVI.

238 687 595 734 QUITOLAIM
663 688 798 732 AND
853 689 1264 732 ABJURATION
1324 690 1411 733 BY
1475 691 1847 736 WALAUEHT
1902 672 2185 737 VAHHAN

381 779 457 822 ΤΟ
518 780 795 823 MARGAM
854 780 1083 833 ABBEY,
1145 780 1223 823 OF
1294 781 1424 824 THE
1493 782 1671 826 LAND
1741 783 1819 826 OF
1892 783 2182 827 WILLIAM

383 870 852 914 GILLEMIHHEL.

949 960 1181 1017 [MARGAM
1214 961 1471 1019 CHARTER]

1749 1058 1865 1099 13111
1897 1058 2126 1100 CENTURY.

294 1158 519 1201 Universis
548 1158 736 1201 Omusn
762 1159 959 1202 fidelibus
983 1175 1154 1215 presens
1179 1161 1385 1217 scriptum
1419 1163 1571 1206 visuris
1604 1167 1648 1206 et
1679 1165 1890 1208 audituris
1912 1165 2187 1209 WALAUEHT

238 1249 447 1292 VAHHAN
469 1251 650 1292 salutem
670 1250 716 1292 in
738 1251 923 1293 domino.

296 1342 481 1384 Noverit
514 1342 769 1384 universitas
804 1346 944 1384 vestra
977 1344 1091 1398 quod
1115 1358 1194 1399 ego
1224 1345 1398 1386 consilio
1426 1349 1467 1387 et
1496 1361 1702 1389 consensu
1734 1348 1965 1391 amicorum
1996 1363 2188 1391 meorum

240 1433 432 1488 quietum
454 1433 634 1475 clamavi
655 1436 698 1474 et
717 1431 914 1488 abjuravi
935 1438 977 1475 et
1007 1434 1048 1475 h.
1081 1449 1121 1489 p.
1155 1450 1188 1477 c.
1223 1436 1468 1479 confirmavi
1499 1437 1554 1479 D.
1588 1440 1630 1480 et
1659 1453 1693 1480 e.
1727 1437 1769 1481 S.
1803 1439 1865 1481 M.
1898 1440 1950 1482 de
1981 1440 2186 1482 MARGAN

238 1530 280 1567 et
300 1540 355 1567 m.
379 1525 406 1566 i.
431 1523 485 1566 D.
511 1539 541 1566 s.
565 1527 705 1566 totum
726 1524 926 1566 clamium
949 1526 1062 1580 quod
1083 1525 1214 1567 habui
1235 1526 1280 1568 in
1315 1531 1427 1569 terra
1458 1527 1707 1571 WILLELMI
1740 1529 2073 1573 GILLEMmHEL
2106 1565 2114 1573 .
2147 1535 2190 1574 et

237 1619 376 1657 totum
398 1615 469 1670 jus
491 1616 605 1670 quod
626 1614 817 1657 dicebam
845 1629 912 1656 me
943 1615 1099 1658 habere
1125 1616 1171 1658 in
1199 1618 1347 1659 eaden]
1379 1622 1492 1660 terra
1524 1622 1565 1661 et
1600 1620 1646 1662 in
1679 1621 1876 1664 omnibus
1908 1622 2003 1664 aliis
2035 1623 2188 1665 terris.

236 1709 278 1749 et
298 1706 344 1748 in
366 1706 563 1748 omnibus
583 1705 677 1747 aliis
698 1706 1027 1761 possessionibus
1048 1707 1102 1749 ad
1123 1707 1281 1750 dictam
1302 1709 1476 1751 domum
1496 1711 1822 1765 pertinentibus,
1854 1716 1902 1754 ut
1930 1713 2118 1755 habeant
2148 1717 2190 1756 et

237 1802 411 1839 teneant
435 1797 538 1838 dicti
559 1797 758 1839 monachi
780 1797 935 1838 dictam
959 1801 1116 1839 terram
1138 1798 1270 1840 libere
1291 1800 1433 1854 quiete
1454 1804 1496 1842 et
1524 1801 1695 1856 pacifice
1723 1818 1799 1858 pro
1826 1818 1894 1845 me
1926 1810 1968 1846 et
1996 1804 2192 1847 omnibus

236 1887 464 1930 heredibus
484 1888 590 1930 meis
613 1921 621 1930 .
646 1888 720 1943 qui
741 1891 842 1930 sunt
865 1922 872 1930 .
897 1893 939 1930 et
960 1888 1034 1943 qui
1054 1888 1190 1930 futuri
1221 1894 1321 1931 sunt
1344 1923 1352 1931 .
1377 1894 1418 1932 et
1450 1891 1647 1934 omnibus
1677 1894 1981 1937 successoribus
2010 1896 2116 1939 meis
2145 1897 2191 1938 in

239 1983 492 2035 perpetuum
516 2014 524 2022 .
548 1979 656 2021 sicut
677 1979 765 2021 ulla
786 1979 1014 2021 elemosina
1035 1980 1102 2021 vel
1122 1980 1259 2022 ullum
1280 1986 1573 2024 tenementum
1591 1983 1766 2027 liberius
1781 1988 1823 2027 et
1840 1987 2028 2041 quiecius
2043 1987 2191 2031 haberi

237 2074 376 2126 potest
398 2074 440 2112 et
460 2070 611 2112 teneri.
675 2069 736 2111 Et
758 2084 838 2125 ego
858 2073 900 2111 et
921 2069 1095 2112 heredes
1116 2071 1199 2112 mei
1227 2072 1597 2116 warantizabimus
1627 2075 1750 2117 dictis
1781 2078 1998 2120 monachis
2030 2080 2188 2122 dictam

240 2162 404 2217 quitam
439 2160 738 2202 clamationem
769 2163 915 2202 contra
942 2175 1087 2203 omnes
1117 2161 1310 2204 homines
1338 2163 1383 2204 in
1413 2169 1679 2219 perpetuum.
1742 2166 1802 2209 Et
1826 2169 2045 2212 sciendum
2073 2172 2187 2225 quod

239 2268 318 2308 ego
359 2252 529 2294 affidavi
560 2255 758 2306 etsuper
788 2255 1049 2293 sacrosancta
1079 2252 1248 2295 ecclesie
1278 2254 1330 2295 de
1360 2254 1565 2297 MARGAN
1595 2256 1751 2311 juravi,
1784 2260 1896 2313 quod
1933 2261 2077 2302 omnia
2108 2261 2190 2304 ista

238 2343 419 2385 fideliter
440 2349 482 2383 et
503 2343 592 2384 sine
614 2343 711 2383 dolo
732 2342 906 2385 servabo
926 2342 971 2384 in
992 2349 1259 2398 perpetuum.

296 2433 398 2475 Hiis
419 2432 602 2474 testibus
625 2466 634 2474 .
666 2432 899 2476 WALTERO
927 2433 1089 2475 LUVEL
1117 2468 1125 2476 .
1159 2434 1363 2477 RICARDO
1396 2437 1544 2479 clerico
1572 2439 1624 2480 de
1650 2439 1876 2482 KENEFEG
1914 2475 1921 2484 .
1958 2442 2186 2487 PHILIPPO

241 2523 358 2566 Com:
392 2556 402 2566 .
435 2522 602 2565 ΤΗΟΜΑ
637 2522 866 2565 GRAMMUs
904 2557 912 2565 .
947 2524 1116 2566 JACOBO
1150 2527 1253 2567 tunc
1288 2529 1506 2582 suppriore
1543 2529 1595 2571 de
1631 2529 1835 2573 MARGAN
1873 2565 1881 2573 .
1920 2532 2087 2576 THOMA
2133 2537 2186 2577 de

238 2613 444 2656 KANTEL’
467 2616 570 2655 tunc
593 2614 809 2656 cellarario
831 2615 882 2655 de
903 2614 1122 2667 MARGAN‚
1144 2621 1186 2657 et
1207 2617 1354 2659 multis
1374 2618 1480 2660 aliis.

298 2703 457 2745 Round
479 2703 577 2755 scal,
600 2718 730 2759 green
755 2719 859 2755 waX,
882 2720 907 2746 a
927 2708 1014 2747 star
1035 2705 1080 2747 of
1099 2721 1231 2762 many
1252 2708 1406 2763 points.

785 2801 794 2816 ⁶
818 2801 859 2842 -Ι-
889 2795 1048 2837 SIGILL'
1083 2829 1091 2837 .
1124 2811 1330 2839 VALAVET
1365 2831 1373 2840 .
1406 2801 1619 2843 VACHAN.'

297 2883 521 2926 Endorsed
542 2884 587 2926 in
609 2885 718 2926 later
737 2884 875 2927 hands
897 2892 907 2907 ⁶
925 2885 1115 2940 Ign0r0‚'
1137 2889 1223 2929 and
1246 2894 1255 2910 ‘
1274 2888 1340 2930 De
1362 2888 1517 2932 Sancto
1538 2891 1780 2936 Michaele.’

443 3140 535 3174 121<
