2425 3423
1982 258 2093 299 2273

1082 599 1284 641 MDLII.

210 689 665 736 NOTIFICATION
734 693 812 736 OF
866 690 1171 740 WILLIAM,
1232 689 1404 732 EARL
1464 690 1542 733 OF
1593 689 2013 743 GLOUGESTER‚
2075 691 2150 735 TO

354 782 685 836 NIOHOLAS,
737 782 965 826 BISHOP
1027 781 1104 824 OF
1163 780 1520 832 LLANDAFF,
1571 780 1649 823 OF
1699 780 1807 823 HIS
1868 781 2014 824 GIFT
2074 782 2152 824 OF

354 872 530 915 LAND
571 874 643 917 IN
684 874 813 917 THE
854 871 1226 916 MOUNTAINS
1268 871 1343 914 ΤΟ
1386 871 1662 914 MARGAM
1701 872 1928 915 ABBEY.

930 980 1158 1037 [MARGAM
1191 978 1446 1035 CHARTER.]

1775 1054 1937 1096 Assom*
1970 1056 2093 1096 1166.

271 1160 558 1204 WILLELMUS
592 1178 727 1205 comes
759 1163 1066 1206 GLOUCESTRIE
1100 1196 1109 1205 .
1150 1162 1391 1205 NICHOLAO
1419 1162 1717 1204 LANDAVENSI
1752 1162 1943 1217 episcopo
1971 1164 2014 1203 et
2044 1162 2154 1203 vice-

211 1253 355 1295 comiti
387 1268 461 1295 suo
488 1254 540 1295 de
562 1253 885 1296 GLAMMORGAN
913 1287 922 1297 .
950 1257 991 1296 et
1014 1253 1209 1297 omnibus
1227 1253 1456 1296 baronibus
1479 1257 1522 1296 et
1543 1253 1786 1296 hominibus
1807 1253 1892 1295 suis
1914 1286 1922 1294 .
1947 1255 1989 1294 et
2010 1252 2154 1294 amicis

211 1343 409 1385 FRAchs
430 1348 473 1385 et
494 1343 670 1386 Amms
691 1348 732 1386 et
754 1345 1064 1387 WALENSIBUS
1085 1344 1278 1387 salutem.

268 1433 420 1476 Sciatis
441 1449 508 1475 me
531 1435 693 1477 dedisse
715 1438 757 1476 et
779 1436 1024 1477 concessisse
1045 1440 1086 1477 et
1107 1435 1198 1477 istis
1218 1435 1371 1478 litteris
1391 1437 1496 1477 meis
1523 1435 1789 1478 confirmasse
1811 1434 1904 1476 Deo
1926 1437 1967 1476 et
1987 1434 2157 1476 ecclesie

210 1524 331 1567 beate
353 1524 513 1567 MARIE
536 1526 588 1567 de
610 1525 814 1567 MARGAN
838 1559 846 1567 .
871 1532 912 1567 et
934 1526 1151 1568 monachis
1171 1526 1330 1568 ibidem
1350 1526 1444 1569 Deo
1475 1526 1757 1569 servientibus
1779 1530 1912 1568 totam
1933 1529 2089 1567 terram
2109 1525 2156 1566 in

209 1614 452 1657 MONTANIS
473 1630 547 1671 per
568 1619 642 1657 has
663 1616 818 1658 divisas
842 1650 850 1658 .
875 1616 1033 1658 scilieet
1053 1616 1106 1658 ab
1134 1616 1325 1658 inferiori
1356 1617 1450 1659 cilio
1480 1616 1692 1659 montium
1720 1631 1854 1671 usque
1884 1617 1937 1658 ad
1968 1616 2159 1671 superius

211 1706 355 1748 cilium
391 1708 602 1748 montium
636 1707 690 1748 ad
723 1721 883 1748 sursam
920 1707 971 1748 de
1007 1706 1233 1748 KENEFEG
1268 1741 1276 1749 .
1314 1711 1356 1750 et
1388 1723 1409 1749 a
1448 1722 1565 1750 suxsa
1597 1708 1648 1749 de
1685 1706 1911 1749 KENEFEG
1943 1721 2075 1761 usque
2103 1707 2157 1748 ad

212 1811 374 1839 sursam
404 1798 456 1839 de
489 1797 678 1839 FRUDEL
713 1831 721 1838 .
752 1806 794 1839 et
819 1813 844 1839 a
875 1812 992 1839 sursa
1020 1797 1071 1838 de
1098 1797 1287 1839 FRUDEL
1316 1798 1362 1839 in
1392 1801 1629 1840 transverso
1660 1813 1732 1853 per
1759 1800 1925 1839 montes
1951 1812 2084 1851 usque
2110 1796 2157 1838 in

211 1889 370 1930 vadum
399 1886 689 1929 KEWELETHI
722 1887 767 1929 in
798 1888 1003 1929 AUENAM
1027 1920 1034 1928 .
1059 1891 1102 1929 et
1122 1887 1222 1929 inde
1242 1887 1350 1930 siout
1370 1903 1478 1943 aque
1498 1889 1759 1930 descendunt
1780 1902 1913 1941 usque
1934 1887 1989 1928 ad
2008 1901 2125 1928 mare
2148 1920 2156 1928 .

211 1979 256 2020 in
286 1979 409 2021 bosco
438 1982 481 2021 et
511 1979 639 2033 plano
673 2011 680 2019 .
715 1979 760 2019 in
788 1979 915 2019 moris
943 1983 985 2019 et:
1013 1979 1193 2032 pasturis
1219 2011 1226 2019 .
1259 1978 1305 2020 in
1333 1981 1584 2033 perpetuam
1609 1978 1883 2020 elemosinam
1913 2011 1920 2018 .
1952 1977 2083 2019 libere
2114 1980 2157 2019 et

210 2070 351 2125 quiete
383 2069 437 2112 ab
473 2069 589 2112 omni
623 2068 798 2111 seculari
835 2068 1008 2109 servicio
1046 2069 1342 2123 possidendam
1375 2102 1382 2110 .
1416 2069 1475 2111 Et
1508 2083 1585 2124 ego
1618 2073 1660 2111 et
1697 2069 1870 2110 heredes
1900 2068 1984 2110 mei
2013 2068 2155 2110 omnia

211 2160 401 2216 predicta
435 2160 635 2216 predictis
664 2158 880 2201 monachis
909 2158 1079 2200 abbatie
1110 2160 1162 2201 de
1192 2158 1397 2201 MARGAN
1427 2163 1572 2202 contra
1605 2175 1749 2202 omnes
1776 2160 1967 2201 homines
2002 2160 2155 2214 imper-

212 2255 390 2307 petuum
411 2249 795 2292 warantizabimus.

270 2341 421 2397 Hujus
441 2341 502 2383 rei
523 2345 649 2383 testes
671 2344 770 2382 sunt
790 2339 853 2381 hii
879 2373 887 2382 .
912 2340 1126 2381 HAWISIA
1149 2340 1358 2382 comitissa
1381 2374 1389 2382 .
1416 2340 1626 2383 CONANUS
1647 2341 1776 2384 abbas
1804 2341 1934 2384 ALBE
1956 2340 2113 2382 'rmum
2147 2375 2154 2382 .

213 2432 442 2474 R1cARDUs
464 2431 593 2474 abbas
614 2431 758 2474 Sancti
780 2431 1038 2473 AUGUSTINI
1061 2431 1112 2472 de
1135 2431 1408 2472 BmsmLmA
1432 2465 1440 2473 .
1466 2431 1711 2473 RADULFUS
1741 2432 1870 2474 abbas
1900 2433 1952 2474 de
1973 2431 2110 2474 NETH
2145 2466 2152 2474 .

211 2521 496 2566 WILLELMUS
519 2523 571 2564 de
602 2521 740 2563 Bosco
762 2525 864 2563 tunc
885 2522 1113 2563 vicecomes
1136 2554 1144 2562 .
1169 2521 1322 2563 SYMON
1345 2523 1397 2563 de
1418 2521 1574 2564 KARm
1607 2556 1614 2564 .
1646 2522 1674 2565 J
1678 2537 1887 2564 OHANNES
1917 2523 1970 2564 de
2000 2522 2155 2565 Sancto

211 2612 371 2656 LAUDo
406 2648 413 2655 .
453 2614 693 2656 RoBERTUs
728 2612 841 2653 filius
884 2611 1081 2654 RloAnm
1115 2645 1123 2653 .
1160 2611 1422 2655 GALFRIDUS
1459 2612 1646 2654 STURMY
1676 2646 1684 2654 .
1719 2613 2016 2655 REGINALDUS
2044 2613 2156 2655 filius

210 2703 409 2747 Smoms
442 2738 450 2746 .
485 2702 768 2746 WILLELMUS
799 2703 851 2743 de
883 2703 1066 2743 ACTONA
1099 2735 1106 2743 .
1145 2702 1459 2745 GILLEBERTUS
1490 2702 1606 2745 onoc
1638 2737 1646 2745 .
1681 2702 1851 2745 GWYDo
1881 2705 1933 2746 de
1964 2704 2112 2746 RocoA
2144 2737 2153 2746 .

213 2795 451 2837 Ros-„mes
473 2794 718 2849 capellanus
742 2824 751 2837 .
775 2793 1000 2835 HERUEUS
1022 2794 1207 2835 clericus.

572 2883 619 2921 CJ'.
642 2882 701 2912 No.
719 2882 906 2912 CXLVIII.
922 2887 957 2912 to
973 2883 1078 2912 which
1093 2884 1158 2912 this
1175 2884 1201 2913 is
1216 2893 1257 2913 an
1273 2884 1472 2913 illustrazive
1487 2885 1678 2922 eompanion
1697 2886 1786 2914 dead.

420 3145 521 3180 121<
