2425 3423
1915 255 2030 296 2359

955 459 1270 503 MDOXXIX.

134 586 760 631 AGKNOWLEDGMENT
831 584 917 628 BY
981 584 1011 626 J
1014 584 1150 627 OHN
1230 585 1316 627 DE
1395 584 1675 637 HELYON,
1746 584 1940 628 PRIOR
2003 585 2083 627 OF

277 670 516 714 EWENN
520 670 574 722 Y,
597 669 673 712 TO
704 670 733 713 J
737 668 872 712 OHN
903 667 986 710 DE
1019 666 1329 719 GAMAGES,
1352 666 1559 710 ABBOT
1585 666 1663 709 OF
1693 666 1773 709 ST.
1807 666 2076 717 PETER’S‚

281 752 698 803 GLOUOESTER‚
721 751 891 794 THAT
914 750 1004 793 HE
1027 749 1153 792 HAS
1186 749 1504 794 REGEIVED
1529 749 1815 793 GUSTODY
1847 750 1925 792 OF
1947 749 2078 792 THE

280 823 505 878 MANOR
545 835 623 877 OF
663 834 910 877 TEYGOF
946 832 1081 876 AND
1123 832 1410 884 PENHUN,
1444 833 1579 875 AND
1623 832 1961 875 OHURGHES
2003 832 2081 875 OF

280 917 713 961 LLANGARVAN
747 916 877 959 ΑΝΙ)
915 915 1306 967 NEWBURGH‚
1338 915 1515 958 NEAR
1556 914 1845 967 GARDIFF,
1879 914 2000 957 FOR
2037 915 2081 956 A

280 1000 586 1043 PAYMENT
607 998 911 1043 TOWARDS
933 998 1063 1041 THE
1094 997 1412 1041 EREOTION
1434 997 1512 1040 OF
1542 997 1673 1040 THE
1704 997 2080 1040 DORMITORY

284 1083 361 1125 OF
392 1082 522 1125 THE
557 1082 787 1125 ABBEY.

599 1181 751 1238 [BRIT.
783 1181 899 1224 Mos.
976 1181 1092 1224 Ano.
1126 1181 1357 1233 ΟΗΑΚΤΕΒ,
1391 1180 1585 1237 53,7Ο9.]

329 1271 576 1314 THURSDAY
608 1272 793 1314 BEFORE
823 1271 893 1314 ST.
927 1271 1115 1313 FAITH’s
1147 1271 1248 1313 DAY
1284 1272 1327 1325 (6
1360 1271 1480 1325 Ocr.)
1547 1272 1598 1312 31
1634 1271 1761 1313 Enw.
1795 1270 1831 1312 I.
1901 1271 2023 1312 1303.

687 1370 1529 1413 I.N.D.E.N.T.U.R.A.

196 1461 522 1504 Memorandum
562 1463 675 1517 quod
716 1462 783 1503 die
824 1461 854 1504 J
857 1476 954 1503 ovls
996 1462 1189 1517 proxima
1220 1464 1318 1503 ante
1354 1461 1512 1504 festum
1548 1460 1703 1503 Sancte
1739 1460 1868 1502 Fims
1904 1460 2083 1516 virginis

137 1567 251 1595 anno
285 1553 409 1609 regni
446 1552 579 1608 Regis
615 1553 840 1594 EDWARDI
876 1552 1087 1594 tricesimo
1122 1552 1259 1608 primo
1291 1552 1466 1594 finiente
1513 1587 1521 1594 .
1566 1552 1718 1594 Frater
1753 1551 1783 1594 J
1785 1566 1994 1593 OHANNEs
2034 1552 2087 1593 de

139 1642 334 1685 HELYON
371 1644 486 1698 prior
518 1645 570 1685 de
602 1643 801 1685 EWENNI
836 1643 993 1698 recepit
1023 1644 1075 1684 de
1111 1644 1284 1685 domino
1320 1643 1540 1686 JOHANNE
1577 1644 1629 1685 de
1667 1643 1886 1685 GAMAGES
1916 1642 2097 1685 abbatis¹

138 1733 284 1776 Sancti
304 1733 447 1775 PETRI
470 1733 791 1776 GLOUCESTRIAE
821 1749 896 1789 per
925 1749 1174 1775 consensum
1205 1738 1436 1775 conventus
1467 1733 1700 1775 custodiam
1731 1733 1910 1775 manerii
1938 1734 2004 1775 sui
2031 1735 2084 1775 de

139 1823 321 1867 TEYGOF
352 1829 393 1866 et
416 1824 616 1866 PENHUN
651 1859 658 1866 .
692 1840 856 1866 necnon
878 1825 1146 1866 ecclesiarum
1168 1825 1220 1866 de
1241 1824 1525 1866 LANCARVAN
1547 1828 1589 1866 et
1610 1825 1662 1866 de
1693 1823 1823 1866 Novo
1845 1824 2006 1866 BURGO
2038 1825 2083 1866 in

139 1915 437 1958 LANDAVENSI
458 1915 611 1957 diocesi
633 1916 744 1957 dicto
765 1915 1021 1957 monasterio
1043 1914 1188 1957 Sancti
1209 1915 1351 1956 PETm
1375 1915 1697 1956 GLOUCESTRIAE
1718 1914 2086 1969 appropriatarum

138 2006 215 2048 sub
245 2006 323 2048 hac
353 2007 491 2048 forma
525 2040 531 2047 .
566 2007 762 2048 videlicet
798 2007 912 2062 quod
942 2006 1079 2048 dictus
1110 2006 1224 2061 prior
1255 2006 1389 2047 solvat
1420 2004 1557 2046 eidem
1586 2004 1841 2046 monasterio
1866 2003 1945 2046 hoc
1972 2019 2086 2046 anno

140 2098 193 2140 ad
229 2098 581 2139 constructionem
633 2097 769 2153 operis
803 2096 1040 2152 dormitorij
1094 2096 1380 2152 quadraginta
1420 2097 1602 2150 quatuor
1650 2094 1779 2137 libras
1818 2095 1987 2150 argenti
2032 2096 2087 2137 ad

140 2192 322 2244 quatuor
342 2189 444 2230 anni
474 2189 677 2231 terminos
708 2188 962 2243 subscriptos
986 2221 994 2230 .
1018 2188 1215 2229 videlicet
1247 2221 1255 2228 .
1288 2185 1344 2228 In
1364 2186 1473 2227 festo
1495 2185 1640 2228 Sancti
1660 2185 1871 2227 ANDREAE
1890 2185 2085 2241 proximo

142 2280 336 2335 sequenti
370 2314 378 2321 .
417 2284 577 2335 septem
608 2279 737 2322 libras
762 2285 803 2322 et
840 2295 911 2321 sex
941 2280 1094 2321 solidos
1119 2284 1161 2320 et
1197 2281 1288 2320 octo
1322 2277 1517 2318 denarios
1553 2311 1560 2318 .
1595 2280 1638 2318 et
1672 2277 1724 2318 ad
1752 2276 1910 2318 festum
1939 2278 2084 2333 purifi-

141 2370 320 2412 cacionis
374 2370 510 2412 beatae
561 2371 733 2412 MAmAE
792 2370 984 2425 proximo
1046 2384 1224 2424 sequens
1294 2367 1613 2423 quatuordecim
1672 2367 1801 2409 libras
1862 2369 2083 2410 tresdecim

139 2461 293 2503 solidos
311 2464 352 2502 et
374 2464 556 2516 quatuor
576 2461 770 2503 denarios
803 2495 810 2503 .
844 2465 886 2502 et
908 2462 962 2502 ad
983 2460 1238 2502 HOCKEDAY
1260 2459 1452 2514 proximo
1474 2473 1651 2513 sequens
1681 2461 1843 2514 septem
1862 2458 1992 2501 libras
2013 2474 2085 2501 sex

141 2551 294 2594 solidos
314 2554 357 2593 et
377 2556 469 2594 octo
490 2552 685 2594 denarios
708 2586 716 2594 .
741 2556 784 2593 et
804 2553 857 2593 ad
879 2552 1036 2593 festum
1059 2551 1346 2606 apostolorum
1368 2549 1510 2590 PETRI
1529 2552 1571 2590 et
1593 2549 1739 2591 PAULI
1762 2551 2082 2604 quatuordecim

139 2641 268 2684 libras
306 2642 529 2684 tresdecim
569 2642 723 2684 solidos
764 2646 805 2684 et
836 2646 1018 2697 quatuor
1059 2641 1264 2683 denarios.
1327 2638 1563 2682 Sustinebit
1597 2640 1770 2696 insuper
1803 2641 1941 2683 dictus
1973 2642 2088 2697 prior

142 2734 285 2776 omnia
324 2750 451 2777 onera
492 2735 705 2777 ordinaria
745 2735 945 2790 predictis
995 2733 1229 2791 ec[c]lesiis
1269 2731 1562 2774 incumbencia
1603 2732 1800 2786 quociens
1840 2747 1889 2774 ea
1928 2733 2086 2787 requiri

141 2825 367 2881 contigerit
387 2841 468 2881 que
489 2825 601 2867 dicto
622 2825 750 2880 priori
767 2826 1062 2868 allocabuntur
1082 2825 1127 2867 in
1148 2823 1403 2866 monasterio
1434 2822 1621 2877 predicto
1652 2836 1776 2877 super
1807 2822 2090 2864 solucionibus

142 2916 227 2958 suis
248 2916 453 2958 faciendis
473 2916 580 2958 sicut
605 2931 680 2972 per
700 2916 959 2972 quietancias
989 2916 1069 2958 sibi
1098 2930 1174 2971 pro
1205 2914 1329 2956 dictis
1359 2913 1555 2955 oneribus
1590 2912 1713 2954 factis
1743 2913 1898 2968 poterit
1929 2913 2088 2955 docere.

142 3005 199 3047 In
248 3006 370 3061 cujus
417 3006 478 3049 rei
527 3006 818 3049 testimonium
867 3023 1038 3063 presens
1078 3007 1310 3048 indentura
1353 3005 1398 3046 in
1451 3003 1666 3059 presencia
1706 3003 1888 3059 predicti
1929 3004 2092 3045 domini
