2425 3423
431 200 545 242 2122

372 406 532 450 samm
551 407 719 464 jacente
740 409 856 464 apud
877 408 1035 451 SKERR
1055 408 1101 451 in
1122 409 1329 452 comitatu
1348 409 1537 466 predicto
1569 424 1616 452 ac
1637 410 1689 451 de
1719 412 1762 452 et
1791 409 1838 452 in
1859 409 2057 453 omnibus
2077 411 2332 468 messuagiis

372 499 497 541 terris
527 499 659 555 pratis
689 499 854 555 pascuis
883 499 1068 556 pasturis
1098 500 1335 543 redditibus
1376 499 1687 544 reveroionibus
1727 504 1769 543 et
1808 501 1995 543 serviciis
2034 502 2215 557 acceptis
2254 517 2330 546 seu

371 590 580 645 reputatis
600 592 649 632 ut
669 594 790 646 parte
806 605 880 633 seu
894 590 1087 647 partibus
1102 591 1283 648 grangie
1304 591 1391 634 sive
1413 591 1532 634 firme
1547 592 1734 647 predicte
1751 606 1847 634 cum
1867 591 2064 635 omnibus
2084 595 2127 635 et
2147 593 2329 650 singulis

373 681 460 723 suis
495 681 779 736 pertinenciis.
858 681 947 728 Qui
987 682 1161 738 quidem
1191 682 1477 726 WILLELMUS
1510 681 1738 724 HERBERT
1773 681 1896 724 miles
1931 682 1990 725 sic
2025 683 2125 726 inde
2161 683 2328 726 seisitus

374 771 560 814 existens
589 787 664 827 per
695 771 886 815 chartam
917 787 1038 815 suam
1068 773 1338 815 indentatam
1369 776 1589 830 gerentem
1629 773 1778 815 datum
1810 773 2047 829 predictum
2078 773 2328 817 duodecimo

372 861 441 904 die
462 861 492 905 J
495 861 574 918 ulij
599 877 711 904 anno
732 863 854 918 regni
876 862 986 905 dicte
1007 863 1179 906 domine
1200 863 1369 919 Regiae
1391 863 1615 906 undecimo
1637 863 1755 906 dedit
1777 863 1980 906 concessit
2000 867 2043 907 et
2063 864 2330 907 confirmavit

372 953 562 1008 predicto
591 953 621 996 J
626 967 800 995 ENKINo
830 952 1130 996 TURBERVILL
1161 957 1203 996 et
1235 953 1408 996 CICILIE
1441 955 1564 998 uxori
1595 955 1688 1011 ejus
1719 955 1955 1010 predictam
1985 955 2212 1011 grangiam
2242 956 2330 998 sive

371 1044 539 1086 firmam
575 1044 628 1086 de
664 1043 821 1086 SKERR
856 1059 904 1086 ac
940 1045 1083 1086 omnia
1124 1045 1363 1101 messuagia
1399 1049 1532 1087 terras
1566 1048 1689 1101 prata
1724 1060 1879 1100 pascua
1912 1048 2105 1100 pasturas
2137 1046 2330 1089 redditus

369 1135 631 1177 reveroiones
672 1138 714 1177 et
760 1134 936 1178 servicia
985 1136 1175 1191 predicta
1224 1151 1321 1178 cum
1371 1135 1568 1179 omnibus
1609 1138 1650 1178 et
1691 1135 1874 1192 singulis
1913 1135 2000 1178 suis
2040 1136 2327 1192 pertinenciis.

370 1226 637 1269 Habendum
668 1228 711 1268 et
741 1226 975 1268 tenendum
1007 1226 1235 1283 grangiam
1275 1227 1362 1269 sive
1393 1228 1560 1269 firmam
1599 1227 1835 1283 predictam
1870 1242 1918 1269 ac
1953 1230 2091 1270 cetera
2126 1228 2331 1284 premissa

368 1318 513 1361 omnia
543 1333 641 1360 cum
671 1318 944 1373 pertinenciis
974 1317 1141 1373 prefato
1171 1317 1201 1360 J
1204 1333 1379 1360 ENKINo
1400 1322 1443 1361 01
1474 1318 1648 1361 Orcum
1679 1323 1722 1361 et
1752 1318 1978 1361 heredibus
1998 1319 2051 1361 de
2072 1333 2219 1362 eorum
2239 1334 2327 1362 cor-

367 1408 540 1465 poribus
559 1409 672 1451 inter
692 1424 762 1452 eos
782 1408 994 1465 legittime
1019 1409 1246 1465 procreatis
1269 1424 1342 1451 seu
1370 1409 1637 1464 procreandis
1656 1409 1971 1465 imperpetuum
1991 1424 2208 1453 remanere
2228 1409 2329 1453 inde

368 1515 443 1555 pro
460 1499 630 1543 defectu
646 1499 801 1542 talium
816 1499 1021 1542 heredum
1038 1500 1163 1542 rectis
1179 1499 1406 1543 heredibus
1421 1500 1600 1556 predicti
1615 1500 1815 1543 JENK1N1
1834 1501 2151 1556 imperpetuum
2166 1501 2326 1544 virtute

369 1591 493 1647 cujus
514 1591 646 1634 iidem
666 1591 696 1635 J
701 1606 903 1634 ENKINUS
925 1594 968 1634 et
989 1591 1167 1634 01011111
1188 1591 1366 1634 fuerunt
1386 1592 1485 1634 inde
1507 1591 1638 1634 seisiti
1665 1592 1710 1634 in
1732 1592 1944 1634 dominico
1964 1607 2039 1635 suo
2061 1596 2109 1635 ut
2130 1593 2182 1635 de
2203 1592 2328 1635 feodo

367 1683 535 1726 talliato
565 1698 784 1725 remanere
814 1683 914 1725 inde
956 1686 1004 1725 ut
1045 1682 1259 1738 prefertur
1299 1682 1508 1725 existente
1549 1687 1591 1725 01
1631 1683 1874 1726 habuerunt
1914 1683 2077 1726 exitum
2117 1684 2230 1727 inter
2259 1699 2330 1727 eos

367 1774 607 1830 predictum
641 1773 1035 1817 CHRISTOPHERUM
1069 1774 1365 1817 TURBEthLL
1400 1778 1441 1816 01
1474 1774 1531 1817 010
1561 1774 1660 1817 111ᾱο
1693 1775 1823 1817 0010111
1854 1775 2083 1817 existentes
2113 1775 2328 1831 predictus

368 1866 398 1909 J
402 1880 604 1908 ENKINUS
636 1865 964 1909 TURBERVILLE
996 1865 1103 1908 obiit
1137 1866 1237 1908 inde
1271 1865 1438 1908 seisitus
1470 1869 1512 1908 et
1542 1867 1654 1921 quod
1681 1866 1870 1921 predicta
1902 1865 2077 1909 CICILIA
2117 1866 2161 1909 iu
2199 1867 2326 1923 plena

370 1957 460 1999 vita
501 1957 646 1999 existit
687 1961 728 1999 01
773 1961 891 2000 101101
937 1957 1167 2013 grangiam
1209 1957 1297 1999 sive
1339 1956 1507 1999 firmam
1560 1957 1794 2012 predictam
1837 1972 1884 1999 ac
1939 1962 2076 2000 cetera
2125 1958 2328 2014 premissa

371 2047 515 2089 omnia
556 2062 652 2089 cum
707 2047 982 2103 pertinenciis
1024 2051 1072 2090 ut
1112 2047 1325 2104 prefertur
1365 2062 1440 2103 per
1487 2047 1559 2103 jus
1598 2048 1856 2089 accrescendi
1898 2051 1940 2090 et
1987 2049 2100 2103 quod
2139 2049 2330 2105 predicta

372 2138 555 2194 grangia
576 2138 663 2180 sive
684 2138 807 2181 firma
828 2154 876 2181 ac
897 2141 1035 2181 cetera
1055 2139 1259 2194 premissa
1280 2138 1423 2181 omnia
1444 2153 1541 2181 cum
1569 2138 1840 2194 pertinenciis
1861 2142 2062 2182 tenentur
2082 2140 2134 2182 de
2156 2141 2330 2184 domina

374 2229 546 2285 Regina
566 2230 612 2271 in
633 2230 770 2285 capite
792 2245 866 2285 per
887 2230 1112 2272 servicium
1132 2230 1318 2272 militare
1340 2229 1536 2272 videlicet
1557 2244 1630 2285 per
1651 2230 1859 2272 decimam
1880 2234 2046 2286 partem
2067 2232 2194 2274 unius
2212 2233 2330 2276 feodi

374 2321 524 2363 militis
544 2325 587 2363 et
607 2336 682 2377 per
702 2322 934 2364 annualem
955 2322 1170 2364 redditum
1188 2336 1310 2363 qus.
1331 2324 1397 2362 xd.
1423 2323 1465 2363 et
1487 2321 1633 2363 valent
1654 2336 1728 2376 per
1744 2336 1906 2364 annum
1926 2322 1972 2364 in
1989 2323 2186 2366 omnibus
2205 2324 2331 2367 exiti-

375 2413 453 2455 bus
474 2413 588 2454 ultra
608 2412 787 2468 reprisas
819 2415 914 2455 wli.
949 2428 1072 2455 vus-s.
1107 2415 1224 2455 111Jd.
1286 2412 1347 2454 Et
1376 2411 1587 2467 juratores
1617 2412 1797 2467 predicti
1827 2412 2006 2456 ulterius
2036 2414 2185 2457 dicunt
2214 2416 2329 2471 quod

378 2503 551 2560 quidem
582 2502 958 2546 CHRISTOPHERUS
990 2503 1290 2547 TURBERVILL
1321 2503 1507 2559 armiger
1536 2503 1621 2545 fuit
1662 2504 1829 2546 seisitus
1858 2504 1904 2546 in
1935 2505 2146 2548 dominico
2176 2521 2251 2549 suo
2281 2509 2333 2549 ut

377 2596 430 2638 de
451 2594 576 2637 feodo
598 2595 650 2637 de
671 2598 713 2638 et
743 2595 790 2638 in
820 2596 1021 2638 maneriis
1042 2596 1094 2638 de
1116 2595 1364 2638 PENLLYNE
1387 2598 1428 2636 et
1449 2594 1878 2637 NORTHECORNELYE
1909 2610 2007 2638 cum
2027 2595 2223 2639 omnibus
2244 2597 2330 2640 suis

373 2685 543 2742 juribus
563 2691 605 2728 01
637 2686 910 2742 pertinenciis
945 2686 1186 2743 jacentibus
1219 2690 1261 2728 et
1295 2684 1576 2728 existentibus
1606 2685 1651 2727 in
1684 2686 1889 2729 comitatu
1921 2686 2207 2730 GLAMORGAN
2232 2703 2329 2744 pre-

375 2777 489 2820 dicto
521 2811 529 2819 .
563 2776 743 2819 Necnon
765 2778 818 2820 de
839 2784 881 2820 et
902 2778 948 2820 in
969 2778 1150 2835 triginta
1172 2776 1421 2833 messuagiis
1452 2775 1687 2833 tricenti[s]
1721 2777 1827 2819 acris
1847 2780 1957 2820 terre
1978 2780 2021 2820 et
2042 2779 2330 2835 quadraginta

377 2868 484 2910 acris
522 2867 635 2923 prati
668 2871 838 2910 centum
873 2869 980 2911 acris
1014 2871 1186 2925 pasture
1222 2872 1265 2910 01
1301 2867 1589 2923 quadraginta
1625 2867 1730 2909 acris
1770 2866 1883 2910 bosci
1919 2882 2015 2910 cum
2055 2869 2328 2925 pertinenciis

373 2957 614 3015 jacentibus
635 2961 676 3001 et
692 2959 974 3002 existentibus
995 2960 1040 3002 in
1061 2958 1321 3016 separalibus
1336 2957 1545 3014 parochiis
1565 2959 1616 3001 de
1638 2958 1876 3000 PENmNE
1898 2958 2330 3004 NORTHEcoRNELYE
