2425 3423
355 266 469 307 2360

297 472 327 515 J
330 487 530 517 OHANNIS
563 475 728 518 abbatis
759 510 768 519 .
802 477 967 519 domini
987 476 1060 520 W.
1093 478 1244 533 prioris
1275 511 1284 521 .
1317 494 1365 521 ac
1389 478 1572 521 fratrum
1600 479 1781 522 Rosmu
1809 480 1862 522 de
1893 479 2199 522 TEMEDEBURI
2232 511 2242 521 .

295 563 327 606 J
330 577 530 607 OHANNIS
554 566 607 609 de
631 567 674 608 la
705 566 860 608 FELDE
882 600 891 608 .
914 566 944 609 J
946 581 1147 610 OHANNIS
1167 567 1296 610 Tom
1318 603 1327 612 .
1350 568 1396 612 N
1398 583 1542 611 icoLAI
1565 570 1617 612 de
1639 569 1903 612 HARDEPIR'
1927 570 2122 612 confecta
2137 574 2199 612 est
2231 602 2242 612 .

296 652 428 709 Cujus
467 670 555 698 una
592 671 690 712 pars
722 657 912 711 predicto
946 658 1077 713 priori
1115 659 1273 702 tradita
1312 659 1399 702 fuit
1430 693 1440 703 .
1473 661 1606 702 altera
1636 675 1734 702 vero
1764 675 1861 716 pars
1899 661 1946 702 in
1984 661 2241 704 monasterio

291 747 482 802 predicto
501 762 577 803 per
611 763 763 791 manus
807 749 971 791 domini
1012 748 1259 793 WILLELMI
1301 752 1353 794 de
1393 750 1541 793 BROK'
1583 756 1686 793 tunc
1725 751 1878 807 prioris
1917 767 1965 794 ac
2005 751 2034 795 J
2037 766 2236 794 OHANNIS

294 835 458 879 Tuom
479 838 710 895 supprioris
729 843 920 882 remanet
942 840 1230 883 custodienda.

347 928 510 972 Datum
532 934 574 972 et
594 934 737 974 actum
756 931 802 973 in
823 932 1077 974 monasterio
1096 933 1286 988 predicto
1305 933 1374 976 die
1395 937 1438 976 et
1457 948 1570 976 anno
1591 933 1854 989 supradictis.

348 1021 676 1072 Endorsed—‘§
698 1023 846 1065 Firma
868 1024 920 1065 de
940 1023 1203 1079 Novoburgo
1236 1058 1244 1066 .
1277 1023 1532 1066 Lancaruan
1565 1057 1573 1065 .
1607 1023 1837 1080 Theygof.’

1144 1116 1192 1151 (1)
1238 1114 1301 1152 Sic,
1317 1115 1384 1144 ns.

1122 1322 1215 1365 MD
1221 1322 1412 1365 CXXX.

280 1428 498 1472 GRANT
533 1429 619 1472 BY
651 1430 987 1482 AMABILIA,
1016 1430 1374 1473 DAUGHTER
1408 1430 1487 1473 OF
1516 1430 1786 1474 WALTER
1825 1430 1955 1473 THE
1988 1430 2234 1473 MILLER

423 1512 501 1555 OF
558 1513 874 1566 KENEFEG,
936 1513 1011 1556 ΤΟ
1064 1513 1233 1556 JOHN
1292 1513 1596 1556 PERVATH
1653 1513 1787 1555 AND
1859 1512 2063 1566 ALIOE,
2123 1512 2232 1556 HIS

427 1595 610 1648 WIFE,
653 1596 731 1639 OF
769 1597 860 1639 AN
902 1596 1068 1639 ACRE
1110 1597 1188 1639 OF
1227 1596 1403 1639 LAND
1445 1596 1625 1639 NEAR
1666 1595 1795 1638 THE
1837 1595 2181 1639 MILLPOND.

1025 1688 1231 1729 MARGAM
1264 1690 1494 1730 (JHARTER.

1002 1687 1020 1744 [
1502 1687 1519 1744 ]
1619 1745 1779 1787 EARLY
1813 1745 1915 1787 14th
1947 1745 2176 1788 CENTURY.

331 1835 476 1879 Sciant
498 1842 713 1892 presentes
749 1837 813 1894 [et
842 1837 1000 1894 futuri]
1039 1839 1152 1893 quod
1183 1853 1263 1894 ego
1293 1838 1530 1880 Amnum
1559 1837 1647 1878 filia
1676 1836 1901 1880 WALTERI
1932 1836 2233 1879 molendinarii

271 1929 324 1969 de
366 1928 594 1971 KENEFEG
623 1929 721 1971 dedi
752 1930 933 1972 concessi
957 1934 998 1971 et
1035 1929 1113 1971 hac
1144 1944 1238 1971 mea
1253 1938 1369 1971 carta
1396 1928 1643 1970 confirmavi
1672 1928 1700 1971 J
1705 1942 1879 1970 OHANNI
1918 1927 2141 1970 PERUATH
2177 1929 2230 1971 de

273 2019 500 2061 KENEFEG
526 2021 587 2073 [et
607 2020 793 2077 Amcm]
826 2021 948 2062 [uxori
976 2036 1048 2063 sue
1077 2035 1205 2062 unam
1231 2035 1370 2062 acram
1403 2023 1514 2061 terre
1549 2018 1721 2061 arabilis
1755 2034 1837 2073 que
1866 2019 1980 2073 jacet
2006 2019 2053 2060 in
2083 2033 2230 2075 campo

269 2110 343 2165 qui
369 2110 525 2152 dicitur
549 2110 595 2153 N
600 2125 980 2154 ULEMANNISLOND
1001 2112 1114 2153 inter
1134 2116 1290 2153 terram
1312 2110 1535 2154 WALTERI
1561 2111 1612 2151 de
1643 2109 1811 2151 MAGOR
1840 2126 1891 2151 ex
1923 2113 2043 2165 parte
2071 2125 2157 2152 una
2187 2113 2230 2152 et

270 2201 383 2243 inter
404 2205 562 2243 terram
582 2216 721 2244 meam
742 2218 794 2244 ex
815 2208 935 2258 parte
956 2203 1089 2244 altera
1110 2209 1151 2244 et
1173 2202 1365 2244 extendit
1387 2217 1428 2243 se
1449 2202 1494 2242 in
1526 2201 1798 2257 longibudine
1827 2216 1852 2242 a
1886 2206 2038 2257 stagno
2068 2201 2228 2243 molen-

275 2293 376 2335 dine
397 2308 530 2349 usque
550 2295 605 2336 ad
626 2299 796 2350 pratum
815 2295 928 2349 quod
949 2294 1033 2336 fuit
1055 2294 1222 2336 THOME
1246 2294 1392 2335 FABm
1412 2328 1419 2335 .
1439 2292 1686 2334 Tenendam
1708 2295 1750 2334 et
1770 2292 2011 2334 habendam
2027 2293 2079 2334 de
2099 2307 2167 2335 me
2188 2296 2231 2335 et

277 2384 503 2427 heredibus
535 2384 641 2426 meis
669 2384 749 2427 sibi
779 2388 821 2427 et
849 2384 1075 2427 heredibus
1106 2385 1190 2427 suis
1222 2400 1294 2427 seu
1324 2382 1549 2439 assignatis
1577 2415 1585 2424 .
1620 2382 1750 2425 libere
1783 2418 1790 2425 .
1825 2384 1967 2438 quiete
2000 2416 2009 2425 .
2047 2383 2156 2425 bene
2185 2386 2228 2425 et

277 2476 448 2530 pacifice
468 2476 513 2517 in
535 2481 786 2531 perpetuum
810 2509 819 2517 .
844 2475 1092 2531 cuicumque
1112 2477 1179 2517 vel
1200 2476 1534 2531 quibuscumque
1556 2474 1714 2515 dictam
1739 2488 1880 2515 acram
1911 2475 2011 2516 dare
2043 2476 2225 2518 vendere

281 2567 424 2623 legare
444 2568 664 2610 invadiare
685 2569 751 2610 vel
772 2567 988 2623 assignare
1008 2567 1221 2610 voluerint
1244 2600 1251 2607 .
1278 2565 1512 2608 Reddendo
1532 2564 1632 2605 inde
1657 2563 1883 2605 annuatim
1910 2564 2017 2606 mihi
2042 2568 2083 2607 et
2108 2564 2228 2607 here-

283 2657 408 2700 dibus
439 2659 543 2701 meis
573 2658 702 2715 di0[ti
732 2657 996 2715 JOHANNES]
1022 2663 1063 2700 et
1084 2658 1250 2700 Amen
1271 2671 1378 2699 uxor
1398 2655 1492 2712 ejus
1518 2662 1560 2697 et
1581 2669 1726 2697 eorum
1740 2654 1914 2697 heredes
1933 2670 2007 2697 seu
2023 2656 2229 2712 assignati

284 2764 418 2791 unum
450 2751 671 2792 denarium
704 2752 759 2792 ad
786 2750 944 2793 festum
975 2749 1121 2792 Sancti
1148 2749 1408 2790 MICHAELIS
1435 2761 1511 2802 pro
1538 2745 1734 2788 omnibus
1760 2746 2016 2789 secularibus
2044 2748 2228 2791 serviciis

283 2840 685 2897 consu[etudinibus
727 2840 790 2898 et]
834 2841 1058 2883 demandis
1097 2839 1351 2882 omnimodis
1388 2872 1395 2880 .
1435 2851 1516 2893 que
1556 2838 1610 2879 de
1650 2840 1762 2878 terra
1802 2842 1961 2880 exeunt
2000 2838 2068 2881 vel
2107 2839 2223 2881 exire

279 2936 480 2986 poterunt
502 2965 511 2974 .
535 2931 619 2974 Pro
640 2932 718 2974 hac
739 2935 881 2974 autem
903 2932 1134 2974 donacione
1155 2929 1417 2973 concessione
1438 2932 1480 2970 et
1500 2927 1706 2983 presentis
1721 2931 1833 2970 carte
1854 2927 2224 2986 [confirmaci]one

275 3023 487 3064 dederunt
507 3022 638 3065 michi
658 3022 835 3078 predicti
855 3021 884 3065 J
887 3036 1096 3064 οΗΑΝΝΕε
1116 3024 1159 3063 et
1178 3019 1343 3062 Amen
1365 3033 1471 3060 uxor
1491 3033 1567 3060 sua
1583 3018 1739 3074 viginti
1755 3018 1910 3062 soh'dos
1925 3021 2227 3077 sterlingorum
