<?xml version="1.0" encoding="UTF-8"?>
<!DOCTYPE html PUBLIC "-//W3C//DTD XHTML 1.0 Transitional//EN"
    "http://www.w3.org/TR/xhtml1/DTD/xhtml1-transitional.dtd">
<html xmlns="http://www.w3.org/1999/xhtml" xml:lang="en" lang="en">
 <head>
  <title>
</title>
<meta http-equiv="Content-Type" content="text/html;charset=utf-8" />
  <meta name='ocr-system' content='tesseract 3.04.00' />
  <meta name='ocr-capabilities' content='ocr_page ocr_carea ocr_par ocr_line ocrx_word'/>
</head>
<body>
  <div class='ocr_page' id='page_1' title='image "./cartaeetaliamuni06claruoft_0307.png"; bbox 0 0 2425 3423; ppageno 0'>
   <div class='ocr_carea' id='block_1_1' title="bbox 1923 267 2034 310">
    <p class='ocr_par' dir='ltr' id='par_1_1' title="bbox 1923 267 2034 310">
     <span class='ocr_line' id='line_1_1' title="bbox 1923 267 2034 310; baseline 0.018 -2"><span class='ocrx_word' id='word_1_1' title='bbox 1923 267 2034 310; x_wconf 81' lang='lat'>2341</span> 
     </span>
    </p>
   </div>
   <div class='ocr_carea' id='block_1_2' title="bbox 145 467 2108 2981">
    <p class='ocr_par' dir='ltr' id='par_1_2' title="bbox 145 467 2096 1341">
     <span class='ocr_line' id='line_1_2' title="bbox 148 467 2091 528; baseline 0.004 -18"><span class='ocrx_word' id='word_1_2' title='bbox 148 467 343 511; x_wconf 90' lang='lat' dir='ltr'><strong>videlicet</strong></span> <span class='ocrx_word' id='word_1_3' title='bbox 362 471 498 511; x_wconf 85' lang='lat' dir='ltr'><strong>totam</strong></span> <span class='ocrx_word' id='word_1_4' title='bbox 519 471 674 511; x_wconf 83' lang='lat' dir='ltr'><strong>terram</strong></span> <span class='ocrx_word' id='word_1_5' title='bbox 696 484 777 524; x_wconf 89' lang='lat' dir='ltr'><strong>que</strong></span> <span class='ocrx_word' id='word_1_6' title='bbox 799 472 859 510; x_wconf 91' lang='lat' dir='ltr'><strong>est</strong></span> <span class='ocrx_word' id='word_1_7' title='bbox 889 469 1002 511; x_wconf 87' lang='lat' dir='ltr'><strong>inter</strong></span> <span class='ocrx_word' id='word_1_8' title='bbox 1032 467 1259 511; x_wconf 77' lang='lat' dir='ltr'><strong>KENEFEG</strong></span> <span class='ocrx_word' id='word_1_9' title='bbox 1289 472 1331 511; x_wconf 88' lang='lat' dir='ltr'><strong>et</strong></span> <span class='ocrx_word' id='word_1_10' title='bbox 1361 469 1527 513; x_wconf 87' lang='lat' dir='ltr'><strong>AUENE</strong></span> <span class='ocrx_word' id='word_1_11' title='bbox 1558 471 1802 514; x_wconf 78' lang='lat' dir='ltr'><strong>ulteriorem</strong></span> <span class='ocrx_word' id='word_1_12' title='bbox 1832 488 1913 528; x_wconf 91' lang='lat' dir='ltr'><strong>que</strong></span> <span class='ocrx_word' id='word_1_13' title='bbox 1944 478 2006 516; x_wconf 88' lang='lat' dir='ltr'><strong>est</strong></span> <span class='ocrx_word' id='word_1_14' title='bbox 2036 476 2091 518; x_wconf 90' lang='lat' dir='ltr'><strong>ad</strong></span> 
     </span>
     <span class='ocr_line' id='line_1_3' title="bbox 145 558 2091 616; baseline 0.004 -15"><span class='ocrx_word' id='word_1_15' title='bbox 145 559 405 602; x_wconf 86' lang='lat' dir='ltr'><strong>occidentem</strong></span> <span class='ocrx_word' id='word_1_16' title='bbox 424 559 692 615; x_wconf 82' lang='lat' dir='ltr'><strong>heremitagii</strong></span> <span class='ocrx_word' id='word_1_17' title='bbox 713 558 995 601; x_wconf 76' lang='lat' dir='ltr'><strong>THEODEmcI</strong></span> <span class='ocrx_word' id='word_1_18' title='bbox 1017 559 1126 601; x_wconf 85' lang='lat' dir='ltr'><strong>sicut</strong></span> <span class='ocrx_word' id='word_1_19' title='bbox 1147 560 1332 614; x_wconf 74' lang='lat' dir='ltr'>predicte</span> <span class='ocrx_word' id='word_1_20' title='bbox 1363 576 1471 616; x_wconf 89' lang='lat' dir='ltr'><strong>aque</strong></span> <span class='ocrx_word' id='word_1_21' title='bbox 1502 562 1763 605; x_wconf 85' lang='lat' dir='ltr'><strong>descendunt</strong></span> <span class='ocrx_word' id='word_1_22' title='bbox 1794 563 1846 606; x_wconf 87' lang='lat' dir='ltr'><strong>de</strong></span> <span class='ocrx_word' id='word_1_23' title='bbox 1877 566 2091 608; x_wconf 89' lang='lat' dir='ltr'><strong>montanis</strong></span> 
     </span>
     <span class='ocr_line' id='line_1_4' title="bbox 147 649 2092 709; baseline 0.004 -18"><span class='ocrx_word' id='word_1_24' title='bbox 147 651 190 691; x_wconf 89' lang='lat' dir='ltr'><strong>et</strong></span> <span class='ocrx_word' id='word_1_25' title='bbox 210 649 318 691; x_wconf 88' lang='lat' dir='ltr'><strong>sicut</strong></span> <span class='ocrx_word' id='word_1_26' title='bbox 338 649 451 692; x_wconf 86' lang='lat' dir='ltr'><strong>dicta</strong></span> <span class='ocrx_word' id='word_1_27' title='bbox 471 653 583 692; x_wconf 88' lang='lat' dir='ltr'><strong>terra</strong></span> <span class='ocrx_word' id='word_1_28' title='bbox 603 650 721 692; x_wconf 90' lang='lat' dir='ltr'><strong>vadit</strong></span> <span class='ocrx_word' id='word_1_29' title='bbox 742 665 815 705; x_wconf 89' lang='lat' dir='ltr'><strong>per</strong></span> <span class='ocrx_word' id='word_1_30' title='bbox 835 652 1038 692; x_wconf 85' lang='lat' dir='ltr'><strong>montana</strong></span> <span class='ocrx_word' id='word_1_31' title='bbox 1059 665 1083 692; x_wconf 92' lang='lat' dir='ltr'><strong>a</strong></span> <span class='ocrx_word' id='word_1_32' title='bbox 1104 665 1222 692; x_wconf 86' lang='lat' dir='ltr'><strong>sursa</strong></span> <span class='ocrx_word' id='word_1_33' title='bbox 1242 665 1350 706; x_wconf 87' lang='lat' dir='ltr'><strong>aque</strong></span> <span class='ocrx_word' id='word_1_34' title='bbox 1371 651 1423 694; x_wconf 90' lang='lat' dir='ltr'><strong>de</strong></span> <span class='ocrx_word' id='word_1_35' title='bbox 1445 651 1672 695; x_wconf 79' lang='lat' dir='ltr'>KENEFEG</span> <span class='ocrx_word' id='word_1_36' title='bbox 1693 668 1825 709; x_wconf 87' lang='lat' dir='ltr'><strong>usque</strong></span> <span class='ocrx_word' id='word_1_37' title='bbox 1855 655 1910 697; x_wconf 86' lang='lat' dir='ltr'><strong>ad</strong></span> <span class='ocrx_word' id='word_1_38' title='bbox 1930 670 2092 698; x_wconf 86' lang='lat' dir='ltr'><strong>sursam</strong></span> 
     </span>
     <span class='ocr_line' id='line_1_5' title="bbox 150 739 2092 796; baseline 0.004 -15"><span class='ocrx_word' id='word_1_39' title='bbox 150 739 343 782; x_wconf 79' lang='lat' dir='ltr'><strong>FRUDUL</strong></span> <span class='ocrx_word' id='word_1_40' title='bbox 365 744 405 782; x_wconf 88' lang='lat' dir='ltr'><strong>et</strong></span> <span class='ocrx_word' id='word_1_41' title='bbox 428 739 759 782; x_wconf 76' lang='lat' dir='ltr'>GEHTLIFRETH</span> <span class='ocrx_word' id='word_1_42' title='bbox 779 756 912 796; x_wconf 90' lang='lat' dir='ltr'><strong>usque</strong></span> <span class='ocrx_word' id='word_1_43' title='bbox 933 741 978 782; x_wconf 91' lang='lat' dir='ltr'><strong>in</strong></span> <span class='ocrx_word' id='word_1_44' title='bbox 1008 740 1387 784; x_wconf 74' lang='lat' dir='ltr'><strong>REDKEWELETHI</strong></span> <span class='ocrx_word' id='word_1_45' title='bbox 1419 742 1465 784; x_wconf 91' lang='lat' dir='ltr'><strong>in</strong></span> <span class='ocrx_word' id='word_1_46' title='bbox 1495 743 1699 785; x_wconf 81' lang='lat' dir='ltr'><strong>AUENAM</strong></span> <span class='ocrx_word' id='word_1_47' title='bbox 1733 777 1741 786; x_wconf 85' lang='lat'><strong>.</strong></span> <span class='ocrx_word' id='word_1_48' title='bbox 1774 744 1820 786; x_wconf 94' lang='lat' dir='ltr'><strong>in</strong></span> <span class='ocrx_word' id='word_1_49' title='bbox 1850 744 1971 788; x_wconf 87' lang='lat' dir='ltr'><strong>bosco</strong></span> <span class='ocrx_word' id='word_1_50' title='bbox 2004 780 2012 788; x_wconf 93' lang='lat'><strong>.</strong></span> <span class='ocrx_word' id='word_1_51' title='bbox 2045 747 2092 788; x_wconf 94' lang='lat' dir='ltr'><strong>in</strong></span> 
     </span>
     <span class='ocr_line' id='line_1_6' title="bbox 146 829 2087 887; baseline 0.005 -16"><span class='ocrx_word' id='word_1_52' title='bbox 146 829 275 885; x_wconf 92' lang='lat' dir='ltr'><strong>plano</strong></span> <span class='ocrx_word' id='word_1_53' title='bbox 307 864 315 872; x_wconf 90' lang='lat'><strong>.</strong></span> <span class='ocrx_word' id='word_1_54' title='bbox 348 830 394 872; x_wconf 90' lang='lat' dir='ltr'><strong>in</strong></span> <span class='ocrx_word' id='word_1_55' title='bbox 425 831 555 885; x_wconf 87' lang='lat' dir='ltr'><strong>pratis</strong></span> <span class='ocrx_word' id='word_1_56' title='bbox 588 864 596 873; x_wconf 86' lang='lat'><strong>.</strong></span> <span class='ocrx_word' id='word_1_57' title='bbox 629 832 674 872; x_wconf 90' lang='lat' dir='ltr'><strong>in</strong></span> <span class='ocrx_word' id='word_1_58' title='bbox 705 832 888 887; x_wconf 77' lang='lat' dir='ltr'><strong>pasturis</strong></span> <span class='ocrx_word' id='word_1_59' title='bbox 921 864 928 873; x_wconf 92' lang='lat'><strong>.</strong></span> <span class='ocrx_word' id='word_1_60' title='bbox 962 831 1007 874; x_wconf 93' lang='lat' dir='ltr'><strong>in</strong></span> <span class='ocrx_word' id='word_1_61' title='bbox 1038 832 1158 887; x_wconf 87' lang='lat' dir='ltr'><strong>aquis</strong></span> <span class='ocrx_word' id='word_1_62' title='bbox 1189 836 1231 874; x_wconf 87' lang='lat' dir='ltr'><strong>et</strong></span> <span class='ocrx_word' id='word_1_63' title='bbox 1271 833 1527 875; x_wconf 82' lang='lat' dir='ltr'>molendinis</span> <span class='ocrx_word' id='word_1_64' title='bbox 1557 836 1599 876; x_wconf 86' lang='lat' dir='ltr'><strong>et</strong></span> <span class='ocrx_word' id='word_1_65' title='bbox 1629 835 1758 877; x_wconf 87' lang='lat' dir='ltr'><strong>moris</strong></span> <span class='ocrx_word' id='word_1_66' title='bbox 1788 838 1831 877; x_wconf 88' lang='lat' dir='ltr'><strong>et</strong></span> <span class='ocrx_word' id='word_1_67' title='bbox 1860 837 2047 880; x_wconf 86' lang='lat' dir='ltr'><strong>mariscis</strong></span> <span class='ocrx_word' id='word_1_68' title='bbox 2079 872 2087 881; x_wconf 92' lang='lat'>.</span> 
     </span>
     <span class='ocr_line' id='line_1_7' title="bbox 147 921 2089 982; baseline 0.005 -20"><span class='ocrx_word' id='word_1_69' title='bbox 147 921 411 963; x_wconf 89' lang='lat' dir='ltr'><strong>omnimodas</strong></span> <span class='ocrx_word' id='word_1_70' title='bbox 432 922 560 964; x_wconf 87' lang='lat' dir='ltr'><strong>etiam</strong></span> <span class='ocrx_word' id='word_1_71' title='bbox 582 922 780 977; x_wconf 76' lang='lat' dir='ltr'><strong>piscarias</strong></span> <span class='ocrx_word' id='word_1_72' title='bbox 800 922 852 964; x_wconf 92' lang='lat' dir='ltr'><strong>de</strong></span> <span class='ocrx_word' id='word_1_73' title='bbox 873 921 1041 964; x_wconf 79' lang='lat' dir='ltr'><strong>AUENA</strong></span> <span class='ocrx_word' id='word_1_74' title='bbox 1065 955 1074 964; x_wconf 88' lang='lat'><strong>.</strong></span> <span class='ocrx_word' id='word_1_75' title='bbox 1096 923 1158 964; x_wconf 85' lang='lat' dir='ltr'><strong>ita</strong></span> <span class='ocrx_word' id='word_1_76' title='bbox 1174 926 1223 964; x_wconf 91' lang='lat' dir='ltr'><strong>ut</strong></span> <span class='ocrx_word' id='word_1_77' title='bbox 1244 938 1296 964; x_wconf 81' lang='lat' dir='ltr'><strong>ex</strong></span> <span class='ocrx_word' id='word_1_78' title='bbox 1317 923 1451 965; x_wconf 85' lang='lat' dir='ltr'><strong>altera</strong></span> <span class='ocrx_word' id='word_1_79' title='bbox 1471 927 1591 979; x_wconf 87' lang='lat' dir='ltr'><strong>parte</strong></span> <span class='ocrx_word' id='word_1_80' title='bbox 1611 939 1735 967; x_wconf 91' lang='lat' dir='ltr'><strong>nemo</strong></span> <span class='ocrx_word' id='word_1_81' title='bbox 1751 925 1957 982; x_wconf 85' lang='lat' dir='ltr'><strong>impediat</strong></span> <span class='ocrx_word' id='word_1_82' title='bbox 1981 963 1988 969; x_wconf 95' lang='lat'><strong><em>.</em></strong></span> <span class='ocrx_word' id='word_1_83' title='bbox 2012 944 2089 971; x_wconf 86' lang='lat' dir='ltr'><strong>nec</strong></span> 
     </span>
     <span class='ocr_line' id='line_1_8' title="bbox 146 1011 2088 1069; baseline 0.005 -15"><span class='ocrx_word' id='word_1_84' title='bbox 146 1011 291 1054; x_wconf 88' lang='lat' dir='ltr'><strong>mittat</strong></span> <span class='ocrx_word' id='word_1_85' title='bbox 311 1027 488 1055; x_wconf 91' lang='lat' dir='ltr'><strong>manum</strong></span> <span class='ocrx_word' id='word_1_86' title='bbox 509 1014 564 1056; x_wconf 89' lang='lat' dir='ltr'><strong>ad</strong></span> <span class='ocrx_word' id='word_1_87' title='bbox 584 1014 834 1069; x_wconf 87' lang='lat' dir='ltr'><strong>piscandum</strong></span> <span class='ocrx_word' id='word_1_88' title='bbox 855 1014 898 1055; x_wconf 91' lang='lat' dir='ltr'><strong>in</strong></span> <span class='ocrx_word' id='word_1_89' title='bbox 920 1017 1011 1056; x_wconf 87' lang='lat' dir='ltr'><strong>tota</strong></span> <span class='ocrx_word' id='word_1_90' title='bbox 1039 1014 1207 1057; x_wconf 81' lang='lat' dir='ltr'>AUENA</span> <span class='ocrx_word' id='word_1_91' title='bbox 1232 1015 1314 1057; x_wconf 89' lang='lat' dir='ltr'><strong>nisi</strong></span> <span class='ocrx_word' id='word_1_92' title='bbox 1345 1030 1516 1058; x_wconf 88' lang='lat' dir='ltr'><strong>assensu</strong></span> <span class='ocrx_word' id='word_1_93' title='bbox 1547 1019 1589 1058; x_wconf 90' lang='lat' dir='ltr'><strong>et</strong></span> <span class='ocrx_word' id='word_1_94' title='bbox 1619 1016 1731 1059; x_wconf 88' lang='lat' dir='ltr'><strong>bona</strong></span> <span class='ocrx_word' id='word_1_95' title='bbox 1751 1019 1972 1062; x_wconf 85' lang='lat' dir='ltr'><strong>voluntate</strong></span> <span class='ocrx_word' id='word_1_96' title='bbox 2003 1021 2088 1064; x_wconf 91' lang='lat' dir='ltr'><strong>dic-</strong></span> 
     </span>
     <span class='ocr_line' id='line_1_9' title="bbox 150 1103 2091 1164; baseline 0.005 -20"><span class='ocrx_word' id='word_1_97' title='bbox 150 1105 291 1144; x_wconf 86' lang='lat' dir='ltr'><strong>torum</strong></span> <span class='ocrx_word' id='word_1_98' title='bbox 312 1103 615 1146; x_wconf 90' lang='lat' dir='ltr'><strong>monachorum</strong></span> <span class='ocrx_word' id='word_1_99' title='bbox 636 1105 688 1146; x_wconf 92' lang='lat' dir='ltr'><strong>de</strong></span> <span class='ocrx_word' id='word_1_100' title='bbox 709 1104 914 1146; x_wconf 80' lang='lat' dir='ltr'>MARGAN</span> <span class='ocrx_word' id='word_1_101' title='bbox 939 1138 947 1146; x_wconf 95' lang='lat'>.</span> <span class='ocrx_word' id='word_1_102' title='bbox 970 1104 1030 1147; x_wconf 87' lang='lat' dir='ltr'><strong>Et</strong></span> <span class='ocrx_word' id='word_1_103' title='bbox 1051 1105 1315 1148; x_wconf 89' lang='lat' dir='ltr'><strong>omnimodas</strong></span> <span class='ocrx_word' id='word_1_104' title='bbox 1336 1106 1534 1162; x_wconf 77' lang='lat' dir='ltr'><strong>piscarias</strong></span> <span class='ocrx_word' id='word_1_105' title='bbox 1554 1107 1599 1149; x_wconf 89' lang='lat' dir='ltr'><strong>in</strong></span> <span class='ocrx_word' id='word_1_106' title='bbox 1620 1124 1730 1164; x_wconf 89' lang='lat' dir='ltr'><strong>aqua</strong></span> <span class='ocrx_word' id='word_1_107' title='bbox 1751 1110 1803 1152; x_wconf 87' lang='lat' dir='ltr'><strong>de</strong></span> <span class='ocrx_word' id='word_1_108' title='bbox 1824 1109 2050 1154; x_wconf 82' lang='lat' dir='ltr'>KENEFEG</span> <span class='ocrx_word' id='word_1_109' title='bbox 2083 1147 2091 1155; x_wconf 87' lang='lat'><strong><em>.</em></strong></span> 
     </span>
     <span class='ocr_line' id='line_1_10' title="bbox 148 1195 2096 1253; baseline 0.006 -18"><span class='ocrx_word' id='word_1_110' title='bbox 148 1197 191 1236; x_wconf 92' lang='lat' dir='ltr'><strong>et</strong></span> <span class='ocrx_word' id='word_1_111' title='bbox 220 1197 358 1236; x_wconf 91' lang='lat' dir='ltr'><strong>totum</strong></span> <span class='ocrx_word' id='word_1_112' title='bbox 389 1195 525 1237; x_wconf 88' lang='lat' dir='ltr'><strong>wreck</strong></span> <span class='ocrx_word' id='word_1_113' title='bbox 556 1210 681 1251; x_wconf 86' lang='lat' dir='ltr'><strong>super</strong></span> <span class='ocrx_word' id='word_1_114' title='bbox 710 1198 868 1237; x_wconf 85' lang='lat' dir='ltr'><strong>terram</strong></span> <span class='ocrx_word' id='word_1_115' title='bbox 897 1195 1085 1251; x_wconf 87' lang='lat' dir='ltr'><strong>ipsorum</strong></span> <span class='ocrx_word' id='word_1_116' title='bbox 1115 1197 1289 1239; x_wconf 87' lang='lat' dir='ltr'><strong>veniens</strong></span> <span class='ocrx_word' id='word_1_117' title='bbox 1321 1231 1329 1239; x_wconf 85' lang='lat'><strong>.</strong></span> <span class='ocrx_word' id='word_1_118' title='bbox 1362 1197 1424 1239; x_wconf 90' lang='lat' dir='ltr'><strong>ita</strong></span> <span class='ocrx_word' id='word_1_119' title='bbox 1455 1199 1568 1253; x_wconf 90' lang='lat' dir='ltr'><strong>quod</strong></span> <span class='ocrx_word' id='word_1_120' title='bbox 1598 1214 1723 1242; x_wconf 91' lang='lat' dir='ltr'><strong>nemo</strong></span> <span class='ocrx_word' id='word_1_121' title='bbox 1753 1216 1929 1244; x_wconf 88' lang='lat' dir='ltr'><strong>manum</strong></span> <span class='ocrx_word' id='word_1_122' title='bbox 1950 1203 2096 1246; x_wconf 88' lang='lat' dir='ltr'><strong>mittat</strong></span> 
     </span>
     <span class='ocr_line' id='line_1_11' title="bbox 147 1283 1797 1341; baseline 0.005 -15"><span class='ocrx_word' id='word_1_123' title='bbox 147 1298 272 1338; x_wconf 89' lang='lat' dir='ltr'><strong>super</strong></span> <span class='ocrx_word' id='word_1_124' title='bbox 292 1283 401 1326; x_wconf 90' lang='lat' dir='ltr'><strong>illud</strong></span> <span class='ocrx_word' id='word_1_125' title='bbox 423 1285 536 1327; x_wconf 82' lang='lat' dir='ltr'><strong>wrek</strong></span> <span class='ocrx_word' id='word_1_126' title='bbox 557 1285 639 1327; x_wconf 88' lang='lat' dir='ltr'><strong>nisi</strong></span> <span class='ocrx_word' id='word_1_127' title='bbox 659 1301 734 1341; x_wconf 87' lang='lat' dir='ltr'><strong>per</strong></span> <span class='ocrx_word' id='word_1_128' title='bbox 754 1286 866 1341; x_wconf 90' lang='lat' dir='ltr'><strong>ipsos</strong></span> <span class='ocrx_word' id='word_1_129' title='bbox 887 1286 1125 1337; x_wconf 82' lang='lat' dir='ltr'><strong>monachos,</strong></span> <span class='ocrx_word' id='word_1_130' title='bbox 1148 1302 1224 1329; x_wconf 92' lang='lat' dir='ltr'><strong>nec</strong></span> <span class='ocrx_word' id='word_1_131' title='bbox 1243 1287 1426 1330; x_wconf 86' lang='lat' dir='ltr'><strong>ballivus</strong></span> <span class='ocrx_word' id='word_1_132' title='bbox 1447 1304 1567 1332; x_wconf 87' lang='lat' dir='ltr'><strong>meus</strong></span> <span class='ocrx_word' id='word_1_133' title='bbox 1587 1291 1654 1332; x_wconf 90' lang='lat' dir='ltr'><strong>vel</strong></span> <span class='ocrx_word' id='word_1_134' title='bbox 1674 1291 1797 1334; x_wconf 85' lang='lat' dir='ltr'><strong>alius.</strong></span> 
     </span>
    </p>

    <p class='ocr_par' dir='ltr' id='par_1_3' title="bbox 149 1375 2108 2705">
     <span class='ocr_line' id='line_1_12' title="bbox 209 1375 2101 1431; baseline 0.006 -14"><span class='ocrx_word' id='word_1_135' title='bbox 209 1375 406 1418; x_wconf 87' lang='lat' dir='ltr'><strong>Preterea</strong></span> <span class='ocrx_word' id='word_1_136' title='bbox 426 1376 629 1431; x_wconf 88' lang='lat' dir='ltr'><strong>quicquid</strong></span> <span class='ocrx_word' id='word_1_137' title='bbox 649 1376 808 1418; x_wconf 88' lang='lat' dir='ltr'><strong>habent</strong></span> <span class='ocrx_word' id='word_1_138' title='bbox 829 1392 882 1418; x_wconf 80' lang='lat' dir='ltr'><strong>ex</strong></span> <span class='ocrx_word' id='word_1_139' title='bbox 904 1378 1014 1420; x_wconf 91' lang='lat' dir='ltr'><strong>dono</strong></span> <span class='ocrx_word' id='word_1_140' title='bbox 1036 1380 1078 1420; x_wconf 90' lang='lat' dir='ltr'><strong>et</strong></span> <span class='ocrx_word' id='word_1_141' title='bbox 1099 1379 1361 1421; x_wconf 76' lang='lat' dir='ltr'><strong>concessione</strong></span> <span class='ocrx_word' id='word_1_142' title='bbox 1383 1379 1663 1423; x_wconf 76' lang='lat' dir='ltr'><strong>GILLEBERTI</strong></span> <span class='ocrx_word' id='word_1_143' title='bbox 1687 1383 1739 1424; x_wconf 88' lang='lat' dir='ltr'><strong>de</strong></span> <span class='ocrx_word' id='word_1_144' title='bbox 1761 1382 1913 1425; x_wconf 77' lang='lat' dir='ltr'>CLARE</span> <span class='ocrx_word' id='word_1_145' title='bbox 1935 1385 2101 1428; x_wconf 87' lang='lat' dir='ltr'><strong>comitis</strong></span> 
     </span>
     <span class='ocr_line' id='line_1_13' title="bbox 151 1466 2100 1528; baseline 0.006 -21"><span class='ocrx_word' id='word_1_146' title='bbox 151 1466 282 1522; x_wconf 88' lang='lat' dir='ltr'><strong>patris</strong></span> <span class='ocrx_word' id='word_1_147' title='bbox 302 1466 386 1508; x_wconf 89' lang='lat' dir='ltr'><strong>mei</strong></span> <span class='ocrx_word' id='word_1_148' title='bbox 409 1500 417 1508; x_wconf 88' lang='lat'><strong>.</strong></span> <span class='ocrx_word' id='word_1_149' title='bbox 441 1466 598 1508; x_wconf 89' lang='lat' dir='ltr'><strong>scilicet</strong></span> <span class='ocrx_word' id='word_1_150' title='bbox 620 1469 755 1509; x_wconf 86' lang='lat' dir='ltr'><strong>totam</strong></span> <span class='ocrx_word' id='word_1_151' title='bbox 775 1470 932 1509; x_wconf 85' lang='lat' dir='ltr'><strong>terram</strong></span> <span class='ocrx_word' id='word_1_152' title='bbox 954 1467 1204 1520; x_wconf 78' lang='lat' dir='ltr'>PEYTEVIN,</span> <span class='ocrx_word' id='word_1_153' title='bbox 1237 1484 1332 1512; x_wconf 87' lang='lat' dir='ltr'><strong>cum</strong></span> <span class='ocrx_word' id='word_1_154' title='bbox 1362 1471 1558 1514; x_wconf 89' lang='lat' dir='ltr'><strong>omnibus</strong></span> <span class='ocrx_word' id='word_1_155' title='bbox 1587 1473 1859 1528; x_wconf 84' lang='lat' dir='ltr'><strong>pertinentiis</strong></span> <span class='ocrx_word' id='word_1_156' title='bbox 1881 1475 1967 1517; x_wconf 90' lang='lat' dir='ltr'><strong>suis</strong></span> <span class='ocrx_word' id='word_1_157' title='bbox 1998 1510 2007 1518; x_wconf 92' lang='lat'><strong>.</strong></span> <span class='ocrx_word' id='word_1_158' title='bbox 2039 1475 2100 1519; x_wconf 87' lang='lat' dir='ltr'><strong>Et</strong></span> 
     </span>
     <span class='ocr_line' id='line_1_14' title="bbox 154 1555 2105 1617; baseline 0.005 -18"><span class='ocrx_word' id='word_1_159' title='bbox 154 1559 291 1599; x_wconf 87' lang='lat' dir='ltr'><strong>totam</strong></span> <span class='ocrx_word' id='word_1_160' title='bbox 305 1558 462 1598; x_wconf 87' lang='lat' dir='ltr'><strong>terram</strong></span> <span class='ocrx_word' id='word_1_161' title='bbox 478 1555 693 1598; x_wconf 76' lang='lat' dir='ltr'><strong>HUGoms</strong></span> <span class='ocrx_word' id='word_1_162' title='bbox 723 1557 774 1598; x_wconf 90' lang='lat' dir='ltr'><strong>de</strong></span> <span class='ocrx_word' id='word_1_163' title='bbox 805 1556 1060 1600; x_wconf 74' lang='lat' dir='ltr'>HERTFORD</span> <span class='ocrx_word' id='word_1_164' title='bbox 1081 1559 1167 1613; x_wconf 67' lang='lat' dir='ltr'><strong>(sic)</strong></span> <span class='ocrx_word' id='word_1_165' title='bbox 1194 1574 1289 1602; x_wconf 89' lang='lat' dir='ltr'><strong>cum</strong></span> <span class='ocrx_word' id='word_1_166' title='bbox 1311 1560 1507 1604; x_wconf 88' lang='lat' dir='ltr'><strong>omnibus</strong></span> <span class='ocrx_word' id='word_1_167' title='bbox 1521 1562 1790 1617; x_wconf 74' lang='lat' dir='ltr'><strong>pertinentiis</strong></span> <span class='ocrx_word' id='word_1_168' title='bbox 1807 1565 1892 1608; x_wconf 89' lang='lat' dir='ltr'><strong>suis</strong></span> <span class='ocrx_word' id='word_1_169' title='bbox 1908 1569 1951 1608; x_wconf 89' lang='lat' dir='ltr'><strong>et</strong></span> <span class='ocrx_word' id='word_1_170' title='bbox 1970 1569 2105 1609; x_wconf 88' lang='lat' dir='ltr'><strong>totam</strong></span> 
     </span>
     <span class='ocr_line' id='line_1_15' title="bbox 154 1646 2105 1713; baseline 0.006 -23"><span class='ocrx_word' id='word_1_171' title='bbox 154 1650 311 1690; x_wconf 85' lang='lat' dir='ltr'><strong>terram</strong></span> <span class='ocrx_word' id='word_1_172' title='bbox 339 1646 631 1690; x_wconf 82' lang='lat' dir='ltr'>WALENSIUM</span> <span class='ocrx_word' id='word_1_173' title='bbox 664 1662 746 1702; x_wconf 93' lang='lat' dir='ltr'><strong>que</strong></span> <span class='ocrx_word' id='word_1_174' title='bbox 776 1647 949 1702; x_wconf 89' lang='lat' dir='ltr'><strong>quidem</strong></span> <span class='ocrx_word' id='word_1_175' title='bbox 978 1652 1091 1691; x_wconf 89' lang='lat' dir='ltr'><strong>terra</strong></span> <span class='ocrx_word' id='word_1_176' title='bbox 1119 1649 1232 1705; x_wconf 82' lang='lat' dir='ltr'><strong>jacet</strong></span> <span class='ocrx_word' id='word_1_177' title='bbox 1261 1666 1336 1706; x_wconf 85' lang='lat' dir='ltr'><strong>per</strong></span> <span class='ocrx_word' id='word_1_178' title='bbox 1365 1652 1531 1695; x_wconf 87' lang='lat' dir='ltr'><strong>diversa</strong></span> <span class='ocrx_word' id='word_1_179' title='bbox 1555 1653 1646 1696; x_wconf 91' lang='lat' dir='ltr'><strong>loca</strong></span> <span class='ocrx_word' id='word_1_180' title='bbox 1670 1669 1767 1697; x_wconf 91' lang='lat' dir='ltr'><strong>cum</strong></span> <span class='ocrx_word' id='word_1_181' title='bbox 1793 1657 1991 1700; x_wconf 91' lang='lat' dir='ltr'><strong>omnibus</strong></span> <span class='ocrx_word' id='word_1_182' title='bbox 2012 1673 2105 1713; x_wconf 88' lang='lat' dir='ltr'><strong>per-</strong></span> 
     </span>
     <span class='ocr_line' id='line_1_16' title="bbox 154 1738 2104 1797; baseline 0.006 -16"><span class='ocrx_word' id='word_1_183' title='bbox 154 1738 347 1781; x_wconf 87' lang='lat' dir='ltr'><strong>tinentiis</strong></span> <span class='ocrx_word' id='word_1_184' title='bbox 379 1738 464 1780; x_wconf 90' lang='lat' dir='ltr'><strong>suis</strong></span> <span class='ocrx_word' id='word_1_185' title='bbox 485 1752 561 1794; x_wconf 90' lang='lat' dir='ltr'><strong>pro</strong></span> <span class='ocrx_word' id='word_1_186' title='bbox 583 1753 687 1793; x_wconf 88' lang='lat' dir='ltr'><strong>quas</strong></span> <span class='ocrx_word' id='word_1_187' title='bbox 707 1739 882 1781; x_wconf 86' lang='lat' dir='ltr'><strong>reddere</strong></span> <span class='ocrx_word' id='word_1_188' title='bbox 904 1740 1095 1782; x_wconf 88' lang='lat' dir='ltr'><strong>solebant</strong></span> <span class='ocrx_word' id='word_1_189' title='bbox 1115 1742 1296 1797; x_wconf 87' lang='lat' dir='ltr'><strong>triginta</strong></span> <span class='ocrx_word' id='word_1_190' title='bbox 1316 1743 1421 1786; x_wconf 88' lang='lat' dir='ltr'><strong>duos</strong></span> <span class='ocrx_word' id='word_1_191' title='bbox 1442 1744 1596 1788; x_wconf 88' lang='lat' dir='ltr'><strong>solidos</strong></span> <span class='ocrx_word' id='word_1_192' title='bbox 1616 1747 1840 1789; x_wconf 81' lang='lat' dir='ltr'><strong>annuatim</strong></span> <span class='ocrx_word' id='word_1_193' title='bbox 1860 1747 2030 1791; x_wconf 81' lang='lat' dir='ltr'><strong>ballivis</strong></span> <span class='ocrx_word' id='word_1_194' title='bbox 2051 1750 2104 1791; x_wconf 86' lang='lat' dir='ltr'><strong>de</strong></span> 
     </span>
     <span class='ocr_line' id='line_1_17' title="bbox 150 1828 2104 1893; baseline 0.006 -21"><span class='ocrx_word' id='word_1_195' title='bbox 150 1828 377 1872; x_wconf 81' lang='lat' dir='ltr'>KENEFEG</span> <span class='ocrx_word' id='word_1_196' title='bbox 412 1863 420 1871; x_wconf 91' lang='lat'>.</span> <span class='ocrx_word' id='word_1_197' title='bbox 458 1836 501 1870; x_wconf 88' lang='lat' dir='ltr'><strong>et</strong></span> <span class='ocrx_word' id='word_1_198' title='bbox 535 1831 672 1871; x_wconf 83' lang='lat' dir='ltr'><strong>totam</strong></span> <span class='ocrx_word' id='word_1_199' title='bbox 705 1844 868 1872; x_wconf 87' lang='lat' dir='ltr'><strong>moram</strong></span> <span class='ocrx_word' id='word_1_200' title='bbox 902 1831 954 1872; x_wconf 86' lang='lat' dir='ltr'><strong>de</strong></span> <span class='ocrx_word' id='word_1_201' title='bbox 998 1830 1313 1875; x_wconf 81' lang='lat' dir='ltr'><strong>HAUETHALOC</strong></span> <span class='ocrx_word' id='word_1_202' title='bbox 1345 1834 1458 1876; x_wconf 84' lang='lat' dir='ltr'><strong>inter</strong></span> <span class='ocrx_word' id='word_1_203' title='bbox 1489 1836 1595 1878; x_wconf 86' lang='lat' dir='ltr'><strong>duas</strong></span> <span class='ocrx_word' id='word_1_204' title='bbox 1629 1852 1760 1893; x_wconf 83' lang='lat' dir='ltr'><strong>aquas</strong></span> <span class='ocrx_word' id='word_1_205' title='bbox 1792 1838 2021 1882; x_wconf 77' lang='lat' dir='ltr'>KENEFEG</span> <span class='ocrx_word' id='word_1_206' title='bbox 2062 1842 2104 1882; x_wconf 89' lang='lat' dir='ltr'><strong>et</strong></span> 
     </span>
     <span class='ocr_line' id='line_1_18' title="bbox 150 1919 2102 1981; baseline 0.006 -18"><span class='ocrx_word' id='word_1_207' title='bbox 150 1920 375 1963; x_wconf 75' lang='lat' dir='ltr'><strong>BAYTHAN</strong></span> <span class='ocrx_word' id='word_1_208' title='bbox 418 1954 426 1962; x_wconf 92' lang='lat'><em>.</em></span> <span class='ocrx_word' id='word_1_209' title='bbox 471 1919 530 1961; x_wconf 87' lang='lat' dir='ltr'><strong>Et</strong></span> <span class='ocrx_word' id='word_1_210' title='bbox 561 1920 788 1976; x_wconf 84' lang='lat' dir='ltr'><strong>quinquies</strong></span> <span class='ocrx_word' id='word_1_211' title='bbox 818 1921 974 1977; x_wconf 86' lang='lat' dir='ltr'><strong>viginti</strong></span> <span class='ocrx_word' id='word_1_212' title='bbox 1016 1926 1058 1964; x_wconf 91' lang='lat' dir='ltr'><strong>et</strong></span> <span class='ocrx_word' id='word_1_213' title='bbox 1091 1923 1235 1966; x_wconf 87' lang='lat' dir='ltr'><strong>decem</strong></span> <span class='ocrx_word' id='word_1_214' title='bbox 1266 1929 1307 1966; x_wconf 85' lang='lat' dir='ltr'><strong>et</strong></span> <span class='ocrx_word' id='word_1_215' title='bbox 1338 1928 1500 1981; x_wconf 85' lang='lat' dir='ltr'><strong>septem</strong></span> <span class='ocrx_word' id='word_1_216' title='bbox 1531 1943 1647 1971; x_wconf 90' lang='lat' dir='ltr'><strong>acras</strong></span> <span class='ocrx_word' id='word_1_217' title='bbox 1674 1932 1786 1971; x_wconf 87' lang='lat' dir='ltr'><strong>terre</strong></span> <span class='ocrx_word' id='word_1_218' title='bbox 1806 1930 1859 1972; x_wconf 92' lang='lat' dir='ltr'><strong>de</strong></span> <span class='ocrx_word' id='word_1_219' title='bbox 1889 1930 2102 1974; x_wconf 90' lang='lat' dir='ltr'><strong>dominico</strong></span> 
     </span>
     <span class='ocr_line' id='line_1_19' title="bbox 150 2010 2101 2072; baseline 0.007 -20"><span class='ocrx_word' id='word_1_220' title='bbox 150 2025 293 2053; x_wconf 89' lang='lat' dir='ltr'><strong>mense</strong></span> <span class='ocrx_word' id='word_1_221' title='bbox 324 2025 416 2052; x_wconf 88' lang='lat' dir='ltr'><strong>mee</strong></span> <span class='ocrx_word' id='word_1_222' title='bbox 445 2011 491 2052; x_wconf 90' lang='lat' dir='ltr'><strong>in</strong></span> <span class='ocrx_word' id='word_1_223' title='bbox 522 2010 652 2054; x_wconf 88' lang='lat' dir='ltr'><strong>Novo</strong></span> <span class='ocrx_word' id='word_1_224' title='bbox 693 2010 921 2054; x_wconf 80' lang='lat' dir='ltr'><strong>CASTELLO</strong></span> <span class='ocrx_word' id='word_1_225' title='bbox 959 2047 967 2055; x_wconf 93' lang='lat'><strong>.</strong></span> <span class='ocrx_word' id='word_1_226' title='bbox 1010 2015 1178 2057; x_wconf 88' lang='lat' dir='ltr'><strong>easdem</strong></span> <span class='ocrx_word' id='word_1_227' title='bbox 1208 2016 1364 2058; x_wconf 89' lang='lat' dir='ltr'><strong>scilicet</strong></span> <span class='ocrx_word' id='word_1_228' title='bbox 1395 2032 1499 2072; x_wconf 89' lang='lat' dir='ltr'><strong>quas</strong></span> <span class='ocrx_word' id='word_1_229' title='bbox 1528 2024 1629 2062; x_wconf 87' lang='lat' dir='ltr'><strong>ante</strong></span> <span class='ocrx_word' id='word_1_230' title='bbox 1660 2024 1892 2064; x_wconf 86' lang='lat' dir='ltr'><strong>tenuerunt</strong></span> <span class='ocrx_word' id='word_1_231' title='bbox 1924 2056 1932 2064; x_wconf 91' lang='lat'><strong><em>.</em></strong></span> <span class='ocrx_word' id='word_1_232' title='bbox 1966 2022 2027 2064; x_wconf 88' lang='lat' dir='ltr'><strong>Et</strong></span> <span class='ocrx_word' id='word_1_233' title='bbox 2056 2023 2101 2066; x_wconf 88' lang='lat' dir='ltr'><strong>in</strong></span> 
     </span>
     <span class='ocr_line' id='line_1_20' title="bbox 149 2101 2101 2167; baseline 0.006 -23"><span class='ocrx_word' id='word_1_234' title='bbox 149 2103 297 2144; x_wconf 90' lang='lat' dir='ltr'><strong>eodem</strong></span> <span class='ocrx_word' id='word_1_235' title='bbox 317 2102 445 2144; x_wconf 81' lang='lat' dir='ltr'><strong>feudo</strong></span> <span class='ocrx_word' id='word_1_236' title='bbox 468 2101 588 2145; x_wconf 88' lang='lat' dir='ltr'><strong>Nov1</strong></span> <span class='ocrx_word' id='word_1_237' title='bbox 612 2101 829 2145; x_wconf 54' lang='lat' dir='ltr'><strong>Opimam</strong></span> <span class='ocrx_word' id='word_1_238' title='bbox 853 2118 1015 2146; x_wconf 78' lang='lat' dir='ltr'><strong>moram</strong></span> <span class='ocrx_word' id='word_1_239' title='bbox 1036 2106 1091 2147; x_wconf 85' lang='lat' dir='ltr'><strong>ad</strong></span> <span class='ocrx_word' id='word_1_240' title='bbox 1122 2106 1413 2161; x_wconf 84' lang='lat' dir='ltr'><strong>aquilonarem</strong></span> <span class='ocrx_word' id='word_1_241' title='bbox 1443 2112 1609 2163; x_wconf 85' lang='lat' dir='ltr'><strong>partem</strong></span> <span class='ocrx_word' id='word_1_242' title='bbox 1640 2111 1799 2154; x_wconf 89' lang='lat' dir='ltr'><strong>montis</strong></span> <span class='ocrx_word' id='word_1_243' title='bbox 1831 2112 1904 2167; x_wconf 90' lang='lat' dir='ltr'><strong>qui</strong></span> <span class='ocrx_word' id='word_1_244' title='bbox 1945 2113 2101 2156; x_wconf 86' lang='lat' dir='ltr'><strong>dicitur</strong></span> 
     </span>
     <span class='ocr_line' id='line_1_21' title="bbox 149 2192 2101 2254; baseline 0.007 -21"><span class='ocrx_word' id='word_1_245' title='bbox 149 2192 601 2234; x_wconf 75' lang='lat' dir='ltr'>BRYDEWODECASTEL</span> <span class='ocrx_word' id='word_1_246' title='bbox 659 2226 665 2233; x_wconf 93' lang='lat'>.</span> <span class='ocrx_word' id='word_1_247' title='bbox 709 2195 888 2236; x_wconf 88' lang='lat' dir='ltr'><strong>eandem</strong></span> <span class='ocrx_word' id='word_1_248' title='bbox 943 2195 1100 2238; x_wconf 88' lang='lat' dir='ltr'><strong>scilicet</strong></span> <span class='ocrx_word' id='word_1_249' title='bbox 1153 2211 1317 2241; x_wconf 89' lang='lat' dir='ltr'><strong>moram</strong></span> <span class='ocrx_word' id='word_1_250' title='bbox 1369 2213 1498 2254; x_wconf 86' lang='lat' dir='ltr'><strong>quam</strong></span> <span class='ocrx_word' id='word_1_251' title='bbox 1549 2204 1649 2242; x_wconf 86' lang='lat' dir='ltr'><strong>ante</strong></span> <span class='ocrx_word' id='word_1_252' title='bbox 1705 2205 1938 2245; x_wconf 87' lang='lat' dir='ltr'><strong>tenuerunt</strong></span> <span class='ocrx_word' id='word_1_253' title='bbox 1983 2237 1991 2245; x_wconf 95' lang='lat'>.</span> <span class='ocrx_word' id='word_1_254' title='bbox 2040 2205 2101 2248; x_wconf 78' lang='lat' dir='ltr'><strong>Et</strong></span> 
     </span>
     <span class='ocr_line' id='line_1_22' title="bbox 154 2283 2108 2350; baseline 0.007 -26"><span class='ocrx_word' id='word_1_255' title='bbox 154 2285 310 2325; x_wconf 85' lang='lat' dir='ltr'><strong>terram</strong></span> <span class='ocrx_word' id='word_1_256' title='bbox 345 2298 426 2338; x_wconf 90' lang='lat' dir='ltr'><strong>que</strong></span> <span class='ocrx_word' id='word_1_257' title='bbox 463 2283 620 2326; x_wconf 84' lang='lat' dir='ltr'><strong>dicitur</strong></span> <span class='ocrx_word' id='word_1_258' title='bbox 659 2283 827 2327; x_wconf 69' lang='lat' dir='ltr'><strong>Smms</strong></span> <span class='ocrx_word' id='word_1_259' title='bbox 876 2299 992 2327; x_wconf 85' lang='lat' dir='ltr'>LOND</span> <span class='ocrx_word' id='word_1_260' title='bbox 1032 2321 1039 2327; x_wconf 93' lang='lat'>.</span> <span class='ocrx_word' id='word_1_261' title='bbox 1074 2285 1134 2328; x_wconf 89' lang='lat' dir='ltr'><strong>Et</strong></span> <span class='ocrx_word' id='word_1_262' title='bbox 1175 2289 1393 2331; x_wconf 88' lang='lat' dir='ltr'><strong>redditum</strong></span> <span class='ocrx_word' id='word_1_263' title='bbox 1435 2293 1527 2333; x_wconf 91' lang='lat' dir='ltr'><strong>octo</strong></span> <span class='ocrx_word' id='word_1_264' title='bbox 1563 2292 1792 2335; x_wconf 91' lang='lat' dir='ltr'><strong>solidorum</strong></span> <span class='ocrx_word' id='word_1_265' title='bbox 1839 2297 1880 2336; x_wconf 87' lang='lat' dir='ltr'><strong>et</strong></span> <span class='ocrx_word' id='word_1_266' title='bbox 1923 2298 2108 2350; x_wconf 87' lang='lat' dir='ltr'><strong>quatuor</strong></span> 
     </span>
     <span class='ocr_line' id='line_1_23' title="bbox 149 2373 2102 2434; baseline 0.006 -17"><span class='ocrx_word' id='word_1_267' title='bbox 149 2373 418 2417; x_wconf 85' lang='lat' dir='ltr'><strong>denariorum</strong></span> <span class='ocrx_word' id='word_1_268' title='bbox 448 2374 521 2429; x_wconf 84' lang='lat' dir='ltr'><strong>qui</strong></span> <span class='ocrx_word' id='word_1_269' title='bbox 552 2375 656 2416; x_wconf 87' lang='lat' dir='ltr'><strong>solet</strong></span> <span class='ocrx_word' id='word_1_270' title='bbox 687 2375 808 2417; x_wconf 86' lang='lat' dir='ltr'><strong>reddi</strong></span> <span class='ocrx_word' id='word_1_271' title='bbox 838 2376 1062 2418; x_wconf 84' lang='lat' dir='ltr'><strong>annuatim</strong></span> <span class='ocrx_word' id='word_1_272' title='bbox 1093 2378 1145 2419; x_wconf 88' lang='lat' dir='ltr'><strong>de</strong></span> <span class='ocrx_word' id='word_1_273' title='bbox 1176 2381 1289 2420; x_wconf 83' lang='lat' dir='ltr'><strong>terra</strong></span> <span class='ocrx_word' id='word_1_274' title='bbox 1309 2395 1390 2434; x_wconf 90' lang='lat' dir='ltr'><strong>que</strong></span> <span class='ocrx_word' id='word_1_275' title='bbox 1411 2380 1567 2423; x_wconf 89' lang='lat' dir='ltr'><strong>dicitur</strong></span> <span class='ocrx_word' id='word_1_276' title='bbox 1594 2381 1964 2427; x_wconf 83' lang='lat' dir='ltr'><strong>LAHGELESLOND</strong></span> <span class='ocrx_word' id='word_1_277' title='bbox 2000 2419 2008 2427; x_wconf 92' lang='lat'><strong><em>.</em></strong></span> <span class='ocrx_word' id='word_1_278' title='bbox 2041 2386 2102 2429; x_wconf 87' lang='lat' dir='ltr'><strong>Et</strong></span> 
     </span>
     <span class='ocr_line' id='line_1_24' title="bbox 151 2464 2102 2528; baseline 0.006 -20"><span class='ocrx_word' id='word_1_279' title='bbox 151 2469 307 2508; x_wconf 86' lang='lat' dir='ltr'><strong>terram</strong></span> <span class='ocrx_word' id='word_1_280' title='bbox 326 2464 579 2508; x_wconf 79' lang='lat' dir='ltr'><strong>KETHEREG</strong></span> <span class='ocrx_word' id='word_1_281' title='bbox 600 2479 681 2520; x_wconf 88' lang='lat' dir='ltr'><strong>que</strong></span> <span class='ocrx_word' id='word_1_282' title='bbox 701 2465 814 2520; x_wconf 84' lang='lat' dir='ltr'><strong>jacet</strong></span> <span class='ocrx_word' id='word_1_283' title='bbox 835 2466 890 2507; x_wconf 88' lang='lat' dir='ltr'><strong>ad</strong></span> <span class='ocrx_word' id='word_1_284' title='bbox 912 2467 1140 2509; x_wconf 85' lang='lat' dir='ltr'><strong>australem</strong></span> <span class='ocrx_word' id='word_1_285' title='bbox 1160 2472 1324 2523; x_wconf 83' lang='lat' dir='ltr'><strong>partem</strong></span> <span class='ocrx_word' id='word_1_286' title='bbox 1345 2469 1472 2525; x_wconf 82' lang='lat' dir='ltr'><strong>Juxta</strong></span> <span class='ocrx_word' id='word_1_287' title='bbox 1493 2486 1696 2528; x_wconf 85' lang='lat' dir='ltr'><strong>magnam</strong></span> <span class='ocrx_word' id='word_1_288' title='bbox 1719 2473 1833 2516; x_wconf 88' lang='lat' dir='ltr'><strong>viam</strong></span> <span class='ocrx_word' id='word_1_289' title='bbox 1854 2476 2102 2520; x_wconf 86' lang='lat' dir='ltr'><strong>tendentem</strong></span> 
     </span>
     <span class='ocr_line' id='line_1_25' title="bbox 153 2554 2104 2613; baseline 0.007 -15"><span class='ocrx_word' id='word_1_290' title='bbox 153 2570 297 2598; x_wconf 88' lang='lat' dir='ltr'><strong>versus</strong></span> <span class='ocrx_word' id='word_1_291' title='bbox 335 2554 689 2598; x_wconf 79' lang='lat' dir='ltr'>LAHGELESTUN&#39;</span> <span class='ocrx_word' id='word_1_292' title='bbox 736 2588 744 2597; x_wconf 89' lang='lat'>.</span> <span class='ocrx_word' id='word_1_293' title='bbox 790 2556 852 2598; x_wconf 83' lang='lat' dir='ltr'><strong>Et</strong></span> <span class='ocrx_word' id='word_1_294' title='bbox 891 2560 1048 2599; x_wconf 87' lang='lat' dir='ltr'><strong>terram</strong></span> <span class='ocrx_word' id='word_1_295' title='bbox 1089 2573 1170 2613; x_wconf 89' lang='lat' dir='ltr'><strong>que</strong></span> <span class='ocrx_word' id='word_1_296' title='bbox 1210 2559 1366 2602; x_wconf 86' lang='lat' dir='ltr'><strong>dicitur</strong></span> <span class='ocrx_word' id='word_1_297' title='bbox 1404 2560 1728 2606; x_wconf 75' lang='lat' dir='ltr'><strong>ROFELEsLoND</strong></span> <span class='ocrx_word' id='word_1_298' title='bbox 1772 2580 1868 2608; x_wconf 91' lang='lat' dir='ltr'><strong>cum</strong></span> <span class='ocrx_word' id='word_1_299' title='bbox 1908 2567 2104 2611; x_wconf 89' lang='lat' dir='ltr'><strong>omnibus</strong></span> 
     </span>
     <span class='ocr_line' id='line_1_26' title="bbox 150 2645 1411 2705; baseline 0.005 -18"><span class='ocrx_word' id='word_1_300' title='bbox 150 2645 418 2702; x_wconf 85' lang='lat' dir='ltr'><strong>pertinentiis</strong></span> <span class='ocrx_word' id='word_1_301' title='bbox 440 2646 538 2697; x_wconf 87' lang='lat' dir='ltr'><strong>suis,</strong></span> <span class='ocrx_word' id='word_1_302' title='bbox 562 2660 616 2688; x_wconf 85' lang='lat' dir='ltr'><strong>ex</strong></span> <span class='ocrx_word' id='word_1_303' title='bbox 638 2647 772 2688; x_wconf 83' lang='lat' dir='ltr'><strong>altera</strong></span> <span class='ocrx_word' id='word_1_304' title='bbox 793 2649 912 2702; x_wconf 86' lang='lat' dir='ltr'><strong>parte</strong></span> <span class='ocrx_word' id='word_1_305' title='bbox 934 2648 1130 2703; x_wconf 81' lang='lat' dir='ltr'><strong>ejusdem</strong></span> <span class='ocrx_word' id='word_1_306' title='bbox 1152 2664 1309 2705; x_wconf 85' lang='lat' dir='ltr'><strong>magne</strong></span> <span class='ocrx_word' id='word_1_307' title='bbox 1332 2651 1411 2693; x_wconf 91' lang='lat' dir='ltr'><strong>vie.</strong></span> 
     </span>
    </p>

    <p class='ocr_par' dir='ltr' id='par_1_4' title="bbox 151 2736 2102 2981">
     <span class='ocr_line' id='line_1_27' title="bbox 209 2736 2101 2804; baseline 0.007 -26"><span class='ocrx_word' id='word_1_308' title='bbox 209 2737 406 2779; x_wconf 82' lang='lat' dir='ltr'><strong>Preterea</strong></span> <span class='ocrx_word' id='word_1_309' title='bbox 426 2736 524 2779; x_wconf 88' lang='lat' dir='ltr'><strong>dedi</strong></span> <span class='ocrx_word' id='word_1_310' title='bbox 546 2737 703 2779; x_wconf 89' lang='lat' dir='ltr'><strong>eisdem</strong></span> <span class='ocrx_word' id='word_1_311' title='bbox 724 2738 942 2780; x_wconf 89' lang='lat' dir='ltr'><strong>monachis</strong></span> <span class='ocrx_word' id='word_1_312' title='bbox 963 2739 1008 2780; x_wconf 93' lang='lat' dir='ltr'><strong>in</strong></span> <span class='ocrx_word' id='word_1_313' title='bbox 1029 2754 1182 2795; x_wconf 87' lang='lat' dir='ltr'><strong>puram</strong></span> <span class='ocrx_word' id='word_1_314' title='bbox 1202 2747 1244 2782; x_wconf 90' lang='lat' dir='ltr'><strong>et</strong></span> <span class='ocrx_word' id='word_1_315' title='bbox 1274 2745 1523 2798; x_wconf 88' lang='lat' dir='ltr'><strong>perpetuam</strong></span> <span class='ocrx_word' id='word_1_316' title='bbox 1555 2744 1829 2789; x_wconf 89' lang='lat' dir='ltr'><strong>elemosinam</strong></span> <span class='ocrx_word' id='word_1_317' title='bbox 1860 2751 1902 2790; x_wconf 86' lang='lat' dir='ltr'><strong>et</strong></span> <span class='ocrx_word' id='word_1_318' title='bbox 1933 2749 2101 2804; x_wconf 90' lang='lat' dir='ltr'><strong>quitum</strong></span> 
     </span>
     <span class='ocr_line' id='line_1_28' title="bbox 151 2826 2102 2889; baseline 0.007 -20"><span class='ocrx_word' id='word_1_319' title='bbox 151 2827 330 2870; x_wconf 87' lang='lat' dir='ltr'><strong>clamavi</strong></span> <span class='ocrx_word' id='word_1_320' title='bbox 350 2830 488 2869; x_wconf 87' lang='lat' dir='ltr'><strong>totum</strong></span> <span class='ocrx_word' id='word_1_321' title='bbox 508 2826 765 2870; x_wconf 82' lang='lat' dir='ltr'><strong>forinsecum</strong></span> <span class='ocrx_word' id='word_1_322' title='bbox 786 2829 1009 2871; x_wconf 82' lang='lat' dir='ltr'><strong>servicium</strong></span> <span class='ocrx_word' id='word_1_323' title='bbox 1032 2831 1083 2872; x_wconf 88' lang='lat' dir='ltr'><strong>de</strong></span> <span class='ocrx_word' id='word_1_324' title='bbox 1104 2830 1234 2873; x_wconf 82' lang='lat' dir='ltr'><strong>feudo</strong></span> <span class='ocrx_word' id='word_1_325' title='bbox 1255 2832 1307 2873; x_wconf 89' lang='lat' dir='ltr'><strong>de</strong></span> <span class='ocrx_word' id='word_1_326' title='bbox 1329 2831 1592 2876; x_wconf 83' lang='lat' dir='ltr'><strong>LANGHEWI</strong></span> <span class='ocrx_word' id='word_1_327' title='bbox 1623 2836 1737 2889; x_wconf 91' lang='lat' dir='ltr'><strong>quod</strong></span> <span class='ocrx_word' id='word_1_328' title='bbox 1767 2838 1822 2879; x_wconf 91' lang='lat' dir='ltr'><strong>ad</strong></span> <span class='ocrx_word' id='word_1_329' title='bbox 1852 2853 1919 2880; x_wconf 90' lang='lat' dir='ltr'><strong>me</strong></span> <span class='ocrx_word' id='word_1_330' title='bbox 1950 2840 2017 2882; x_wconf 91' lang='lat' dir='ltr'><strong>vel</strong></span> <span class='ocrx_word' id='word_1_331' title='bbox 2047 2842 2102 2884; x_wconf 89' lang='lat' dir='ltr'><strong>ad</strong></span> 
     </span>
     <span class='ocr_line' id='line_1_29' title="bbox 152 2917 2101 2981; baseline 0.008 -22"><span class='ocrx_word' id='word_1_332' title='bbox 152 2917 326 2960; x_wconf 85' lang='lat' dir='ltr'><strong>heredes</strong></span> <span class='ocrx_word' id='word_1_333' title='bbox 347 2931 459 2958; x_wconf 88' lang='lat' dir='ltr'><strong>meos</strong></span> <span class='ocrx_word' id='word_1_334' title='bbox 478 2917 662 2972; x_wconf 85' lang='lat' dir='ltr'><strong>pertinet</strong></span> <span class='ocrx_word' id='word_1_335' title='bbox 685 2951 694 2960; x_wconf 88' lang='lat'><strong>.</strong></span> <span class='ocrx_word' id='word_1_336' title='bbox 718 2924 859 2973; x_wconf 88' lang='lat' dir='ltr'><strong>preter</strong></span> <span class='ocrx_word' id='word_1_337' title='bbox 880 2920 1103 2963; x_wconf 89' lang='lat' dir='ltr'><strong>dimidiam</strong></span> <span class='ocrx_word' id='word_1_338' title='bbox 1123 2937 1308 2964; x_wconf 86' lang='lat' dir='ltr'><strong>marcam</strong></span> <span class='ocrx_word' id='word_1_339' title='bbox 1329 2923 1591 2967; x_wconf 89' lang='lat' dir='ltr'><strong>solummodo</strong></span> <span class='ocrx_word' id='word_1_340' title='bbox 1613 2941 1742 2981; x_wconf 90' lang='lat' dir='ltr'><strong>quam</strong></span> <span class='ocrx_word' id='word_1_341' title='bbox 1771 2929 1900 2971; x_wconf 91' lang='lat' dir='ltr'><strong>michi</strong></span> <span class='ocrx_word' id='word_1_342' title='bbox 1921 2933 1963 2972; x_wconf 90' lang='lat' dir='ltr'><strong>et</strong></span> <span class='ocrx_word' id='word_1_343' title='bbox 1984 2931 2101 2973; x_wconf 88' lang='lat' dir='ltr'><strong>here-</strong></span> 
     </span>
    </p>
   </div>
   <div class='ocr_carea' id='block_1_3' title="bbox 154 3006 2102 3069">
    <p class='ocr_par' dir='ltr' id='par_1_5' title="bbox 154 3006 2102 3069">
     <span class='ocr_line' id='line_1_30' title="bbox 154 3006 2102 3069; baseline 0.008 -20"><span class='ocrx_word' id='word_1_344' title='bbox 154 3007 278 3050; x_wconf 89' lang='lat' dir='ltr'><strong>dibus</strong></span> <span class='ocrx_word' id='word_1_345' title='bbox 307 3006 411 3049; x_wconf 89' lang='lat' dir='ltr'><strong>meis</strong></span> <span class='ocrx_word' id='word_1_346' title='bbox 440 3007 663 3050; x_wconf 86' lang='lat' dir='ltr'><strong>annuatim</strong></span> <span class='ocrx_word' id='word_1_347' title='bbox 692 3009 878 3051; x_wconf 88' lang='lat' dir='ltr'><strong>reddunt</strong></span> <span class='ocrx_word' id='word_1_348' title='bbox 908 3013 996 3052; x_wconf 90' lang='lat' dir='ltr'><strong>tam</strong></span> <span class='ocrx_word' id='word_1_349' title='bbox 1028 3027 1103 3067; x_wconf 83' lang='lat' dir='ltr'><strong>pro</strong></span> <span class='ocrx_word' id='word_1_350' title='bbox 1135 3013 1276 3055; x_wconf 81' lang='lat' dir='ltr'><strong>warda</strong></span> <span class='ocrx_word' id='word_1_351' title='bbox 1315 3028 1446 3069; x_wconf 88' lang='lat' dir='ltr'><strong>quam</strong></span> <span class='ocrx_word' id='word_1_352' title='bbox 1476 3029 1551 3069; x_wconf 76' lang='lat' dir='ltr'><strong>pro</strong></span> <span class='ocrx_word' id='word_1_353' title='bbox 1583 3017 1700 3059; x_wconf 91' lang='lat' dir='ltr'><strong>omni</strong></span> <span class='ocrx_word' id='word_1_354' title='bbox 1732 3018 1816 3060; x_wconf 89' lang='lat' dir='ltr'><strong>alio</strong></span> <span class='ocrx_word' id='word_1_355' title='bbox 1847 3021 2019 3063; x_wconf 83' lang='lat' dir='ltr'><strong>servicio</strong></span> <span class='ocrx_word' id='word_1_356' title='bbox 2050 3023 2102 3065; x_wconf 91' lang='lat' dir='ltr'><strong>de</strong></span> 
     </span>
    </p>
   </div>
  </div>
 </body>
</html>
