2425 3423
312 255 424 297 2322

1136 795 1336 839 MDOH.

343 937 558 980 GRANT
599 936 686 980 BY
725 936 1098 988 RUATHLAN,
1142 936 1218 979 ΤΟ
1260 936 1539 980 MARGAM
1588 937 1817 989 ABBEY,
1861 937 1939 980 OF
1980 937 2110 980 THE

862 1036 1038 1079 LAND
1090 1036 1168 1078 OF
1220 1036 1598 1080 ROSSOWLIN.

966 1160 1197 1217 [MARGAM
1230 1160 1487 1218 CHARTER]

312 1287 522 1330 Omnibus
543 1286 696 1330 Sancte
714 1286 883 1329 ecclesie
899 1285 997 1328 filiis
1018 1285 1284 1342 presentibus
1307 1290 1348 1328 et
1365 1286 1519 1328 futuris
1536 1285 1795 1329 RUATHLAN
1819 1321 1827 1329 .
1857 1286 2100 1329 ΕΕΙΝΙΑΝΙ1
2126 1286 2205 1329 filii

251 1379 329 1422 filii
351 1380 553 1422 Romam
577 1378 783 1420 ΕΕΙΝΑΝΙ
806 1378 1002 1419 salutem.

310 1471 462 1513 Sciatis
483 1485 550 1512 me
571 1469 818 1513 concessisse
839 1471 880 1510 et
901 1469 1064 1510 dedisse
1087 1472 1127 1510 et
1150 1468 1228 1510 hac
1249 1471 1365 1510 carta
1385 1468 1652 1511 confirmasse
1674 1468 1768 1511 Deo
1790 1475 1833 1511 et
1854 1468 2008 1511 Sancte
2030 1469 2200 1511 ecclesie

253 1562 414 1605 MAROE
445 1562 497 1604 de
527 1561 732 1603 MARGAN
763 1565 805 1602 et
837 1559 1053 1602 monachis
1083 1560 1157 1614 qui
1187 1559 1346 1601 ibidem
1376 1559 1470 1601 Deo
1498 1559 1687 1601 serviunt
1708 1559 1753 1601 in
1775 1560 2050 1602 elemosinam
2070 1562 2206 1603 totam

252 1658 410 1695 terram
431 1653 483 1694 de
504 1651 768 1694 Rossownm
791 1665 888 1692 cum
909 1649 1107 1692 omnibus
1126 1649 1396 1705 pertinentiis
1426 1649 1512 1692 suis
1542 1649 1588 1691 in
1620 1649 1744 1692 bosco
1774 1653 1818 1692 et
1847 1650 1976 1706 plano
2006 1651 2052 1692 in
2073 1650 2207 1707 pratis

258 1747 300 1787 et
321 1744 504 1800 pasturis
525 1746 568 1785 et
587 1743 630 1784 in
654 1741 850 1784 omnibus
871 1742 966 1783 aliis
986 1741 1247 1783 aisiamentis
1269 1744 1310 1782 et
1339 1740 1465 1783 rebus
1495 1741 1580 1783 suis
1612 1774 1620 1783 .
1656 1742 1711 1783 ad
1731 1741 1977 1784 habendum
1997 1744 2040 1784 et
2060 1744 2208 1784 tenen-

257 1836 361 1877 dum
381 1835 510 1876 libere
532 1837 574 1875 et
595 1833 737 1889 quiete
759 1833 813 1874 ab
835 1833 951 1874 omni
973 1832 1146 1875 servicio
1167 1838 1208 1874 et
1240 1832 1545 1874 consuetudine
1577 1839 1618 1874 et
1649 1832 1869 1875 exactione
1901 1833 2079 1874 seculari
2100 1832 2207 1875 sicut

260 1928 348 1969 ulla
370 1927 598 1968 elemosina
619 1925 793 1967 liberius
824 1924 971 1966 haberi
1003 1927 1043 1966 et
1074 1924 1211 1966 teneri
1241 1926 1380 1978 potest
1401 1926 1443 1965 et
1473 1923 1552 1965 hoc
1581 1926 1720 1966 totum
1752 1923 2120 1966 warentizabimus
2151 1924 2211 1966 eis

264 2022 411 2061 contra
431 2032 575 2059 omnes
595 2016 788 2058 homines
808 2016 854 2057 in
875 2018 1141 2071 perpetuum.

320 2108 422 2151 Hiis
445 2108 622 2150 testibus
644 2140 652 2149 .
678 2106 855 2150 WRONO
876 2106 963 2148 filio
985 2105 1215 2147 IDENARDI
1240 2140 1247 2148 .
1282 2105 1554 2147 CANAITHEN
1587 2105 1675 2147 filio
1707 2104 1902 2147 CRADOCI
1936 2139 1944 2147 .
1979 2105 2212 2149 WALTERO

264 2201 316 2242 de
339 2200 493 2241 Sancto
515 2198 731 2240 HYLARIO
755 2231 762 2239 .
786 2196 949 2239 EYNON
972 2196 1162 2238 PENBUL
1187 2230 1194 2238 .
1218 2195 1501 2238 KENEnmcn
1522 2196 1610 2237 filio
1633 2195 1837 2237 Ronmm
1859 2196 1938 2238 filii
1959 2196 2158 2239 EYNANI.

317 2292 364 2328 (l)
391 2290 453 2325 Sic,
478 2289 545 2318 MS.
587 2289 665 2317 This
688 2291 839 2317 sentence
862 2288 888 2316 is
910 2288 1053 2316 obscure.
1110 2287 1141 2316 It
1163 2296 1300 2325 appears
1322 2290 1357 2316 to
1385 2286 1508 2324 signisy
1539 2285 1706 2315 Ruathlan
1740 2285 1816 2324 [son
1846 2285 1897 2325 of]
1930 2286 2065 2316 Eeinian
2088 2296 2147 2317 son
2170 2288 2203 2317 of

280 2346 401 2375 Robert
418 2354 476 2374 son
492 2346 524 2374 οῖ’
543 2345 677 2373 Eeinan.

1161 2382 1327 2411 Eeinan=

1164 2460 1326 2490 Robert=

848 2549 1024 2617 Eeixlian=
1508 2546 1699 2614 Keneixrich.

856 2676 1011 2742 Rutlllan.
