2425 3423
342 284 456 325 2320

275 505 357 546 que
397 494 460 533 est
499 491 612 533 inter
651 491 819 533 AVENE
859 493 902 534 et
942 490 1170 534 KENEFEG
1203 492 1318 535 infra
1360 494 1564 536 terminos
1602 495 1890 550 predictorum
1924 495 2227 539 monachorum

273 579 566 635 abjuravimus
598 615 606 624 .
640 584 683 623 et
711 582 793 637 ipsi
821 581 1019 624 monaehi
1040 598 1116 625 nos
1135 587 1384 640 receperunt
1404 584 1450 627 in
1471 584 1811 628 familiaritatem
1842 600 1962 628 suam
1989 589 2033 628 et
2052 600 2225 642 corpora

272 674 416 713 nostra
437 671 482 713 in
505 672 767 727 sepulturam
790 706 798 714 .
822 672 978 714 facturi
999 687 1075 728 pro
1096 673 1218 716 nobis
1237 675 1283 716 in
1305 675 1389 717 fine
1405 679 1549 717 nostro
1573 708 1581 717 .
1606 676 1714 717 siout
1729 690 1804 731 pro
1821 675 2104 719 familiaribus
2124 677 2221 720 suis.

329 761 432 804 Hiis
465 762 645 805 testibus
685 796 694 805 .
738 762 953 805 HEcho
993 764 1199 807 monacho
1239 766 1292 807 de
1332 765 1538 808 MARGAN
1572 770 1615 808 et
1654 766 1911 809 KNAYTURO
1946 781 2147 810 converso
2182 770 2226 810 et

272 852 486 895 Romarm
517 854 569 895 de
601 853 795 896 PULMoR
827 887 835 895 .
870 853 1105 897 CARAnoco
1137 856 1285 898 elerico
1319 889 1327 898 .
1361 856 1541 898 YEWAN
1573 861 1616 899 et
1648 856 1867 899 GNAITHU
1897 857 1997 900 filiis
2028 856 2182 901 WGAN
2211 892 2219 900 .

272 942 462 987 WRUNU
484 944 573 987 filio
595 943 887 987 KANDELAU.¹

327 1034 487 1077 Round
510 1035 608 1087 soal,
631 1036 706 1077 red
727 1050 834 1082 wax,
857 1051 910 1077 an
936 1037 1201 1079 ornamental
1222 1040 1376 1080 rosette
1398 1037 1443 1079 of
1473 1037 1593 1093 eight
1613 1038 1767 1093 points.

819 1131 828 1149 ‘
854 1134 896 1176 -Ι-
926 1127 1058 1170 s1G1L’
1083 1162 1091 1170 .
1116 1143 1283 1170 LVELm
1307 1162 1315 1171 .
1340 1143 1433 1170 MAP
1457 1162 1465 1171 .
1490 1129 1658 1171 RIRED.'

323 1216 548 1259 Endorsed
568 1217 614 1259 in
636 1232 661 1259 a
682 1218 768 1260 late
789 1218 976 1260 hand—-‘
994 1218 1147 1261 Penud
1168 1219 1213 1261 in
1236 1219 1585 1275 Havodyporth.'

1077 1310 1127 1347 (1)
1171 1309 1213 1339 01·
1229 1309 1410 1339 Kandelan.

1178 1483 1322 1526 MDG.

266 1587 624 1634 QUITOLAJM
686 1589 773 1632 BY
838 1589 1141 1643 LEUELIN,
1200 1590 1317 1633 SON
1381 1591 1459 1634 OF
1516 1590 1747 1643 TUDER,
1807 1592 1882 1634 ΤΟ
1936 1593 2215 1636 MARGAM

393 1679 622 1732 ABBEY,
675 1680 753 1722 OF
804 1680 1006 1724 RIGHT
1058 1681 1130 1724 IN
1176 1681 1306 1724 THE
1357 1681 1532 1725 LAND
1579 1682 1657 1725 OF
1706 1682 2082 1728 ROSSOWLIN.

984 1789 1214 1846 [MARGAM
1247 1789 1505 1846 CHARTER]

516 1895 668 1938 CARTA
700 1895 902 1939 LEULINI
935 1912 1046 1939 FILII
1079 1897 1241 1940 Tuom
1272 1913 1329 1940 DE
1362 1898 1520 1941 TERRA
1552 1913 1609 1940 DE
1643 1898 1959 1956 Rossov[L1N].

322 1986 533 2030 Omnibus
564 1987 751 2029 CHRISTI
784 1988 981 2031 fidelibus
1011 1990 1065 2031 ad
1097 2005 1201 2045 quos
1231 2005 1401 2045 presens
1430 1990 1632 2045 seriptum
1653 1990 1891 2045 pervenerit
1916 2024 1923 2031 .
1948 1990 2214 2033 LEUELINUS

265 2078 379 2120 filius
401 2077 562 2119 TUDER
584 2078 764 2120 salutem
788 2111 795 2119 .
819 2079 863 2120 in
887 2080 1072 2122 domino.

322 2168 504 2211 Noverit
524 2169 779 2212 universitas
799 2174 939 2212 vestra
960 2186 1027 2213 me
1048 2173 1254 2214 remisisse
1276 2176 1318 2214 et
1339 2173 1507 2227 quitum
1538 2172 1737 2213 clamasse
1765 2171 1911 2213 domui
1932 2172 1984 2213 de
2005 2171 2211 2214 MARGAN

266 2263 308 2301 et
329 2259 547 2302 monachis
567 2259 725 2302 ibidem
746 2260 840 2304 Deo
862 2262 1140 2305 servientibus
1156 2266 1294 2305 totum
1309 2263 1381 2317 jus
1402 2267 1443 2304 et
1460 2262 1660 2304 olamium
1682 2262 1794 2317 quod
1817 2261 1948 2304 habui
1970 2262 2037 2303 vel
2058 2261 2213 2304 habere

264 2351 385 2406 potui
415 2354 505 2393 tam
535 2351 580 2393 in
611 2354 723 2393 terra
755 2353 807 2394 de
839 2352 1090 2395 RossomN
1123 2369 1252 2409 quam
1287 2354 1331 2395 in
1385 2354 1468 2395 alia
1510 2353 1653 2408 aliqua
1692 2352 1949 2407 possessione
1989 2353 2044 2394 ad
2079 2352 2213 2395 dictos

261 2441 489 2484 monachos
510 2442 750 2497 pertinente
772 2443 833 2485 ita
855 2445 968 2499 quod
990 2459 1210 2499 nunquam
1235 2460 1313 2500 ego
1336 2445 1402 2486 vel
1424 2443 1578 2499 aliquis
1597 2443 1802 2484 heredum
1833 2457 2024 2485 meorum
2044 2443 2210 2498 aliquid

263 2533 463 2574 elamium
484 2533 716 2588 poterimus
737 2548 891 2589 ponere
916 2568 924 2577 .
948 2536 1015 2578 vel
1046 2537 1207 2591 aliquid
1239 2536 1310 2592 jus
1341 2536 1477 2577 dicere
1507 2550 1583 2577 nos
1613 2534 1768 2576 habere
1798 2535 1843 2576 in
1875 2535 1988 2577 diota
2018 2538 2130 2577 terra
2159 2536 2212 2576 de

267 2623 530 2666 RossovaIN
555 2658 562 2666 .
587 2625 654 2666 vel
676 2625 819 2680 aliqua
840 2626 925 2668 alia
945 2642 1074 2682 quam
1102 2627 1215 2669 diota
1246 2629 1396 2669 domus
1425 2629 1542 2668 tenet
1574 2659 1582 2668 .
1617 2626 1688 2668 sed
1719 2640 1812 2667 eam
1843 2626 1967 2667 dietis
1996 2625 2213 2668 monachis

263 2714 633 2757 warantizabimus
655 2749 665 2758 .
688 2720 730 2757 et
752 2716 909 2759 dietam
931 2718 1105 2761 domum
1126 2718 1497 2760 manutenebimus
1528 2720 1673 2759 contra
1703 2731 1848 2758 omnes
1877 2717 2088 2759 mortales.
2150 2716 2211 2758 Et

263 2810 311 2847 ut
350 2805 553 2859 premissa
601 2806 815 2849 firmitatis
855 2808 983 2850 robur
1028 2809 1248 2864 optineant
1296 2809 1341 2850 in
1382 2812 1634 2864 perpetuum
1675 2822 1845 2862 presens
1885 2808 2088 2863 seriptum
2121 2814 2210 2849 tam

260 2895 504 2950 juramento
525 2910 619 2938 meo
641 2911 770 2951 quam
792 2898 924 2953 sigilli
946 2900 1028 2941 mei
1052 2901 1314 2955 appositione
1335 2899 1542 2941 roboravi.

319 2985 422 3027 Hiis
442 2986 634 3028 testibus.
