2425 3423
1937 247 2050 289 2349

1016 435 1284 479 MDOXXI.

160 544 641 589 GONFIRMATION
683 544 767 588 BY
819 543 1111 588 WILLIAM
1166 543 1252 586 DE
1300 543 1603 594 LONDRES,
1652 543 1769 586 SON
1815 544 1894 587 OF
1933 544 2103 588 JOHN

304 636 385 679 LE
426 636 553 688 SOR,
595 635 671 679 TO
712 635 793 679 ST.
832 635 1084 678 PETER'S
1124 634 1352 687 ABBEY,
1390 634 1809 687 GLOUOESTER,
1852 634 1930 677 OF
1970 635 2100 678 THE

309 726 522 770 GRANT
563 726 641 770 OF
682 726 900 771 EWENI
942 725 1222 778 OHUROH,
1264 726 1368 768 ETc.

880 840 1109 898 [MARGAM
1141 839 1399 897 CHARTER.]
1843 906 1876 949 G
1924 907 2035 948 1260

221 1015 366 1059 Sciant
387 1020 600 1071 presentes
621 1018 664 1058 et
683 1015 820 1058 futuri
841 1015 954 1071 quod
975 1029 1054 1071 ego
1075 1013 1360 1058 WILLELMUS
1381 1014 1433 1056 de
1454 1013 1706 1057 L0Nn0m1s
1736 1015 1849 1058 filius
1876 1015 1906 1058 J
1908 1030 2108 1058 OHANNIS

162 1106 202 1152 le
233 1105 322 1148 SOR
351 1107 532 1149 concessi
562 1108 605 1149 et
634 1106 879 1149 confirmavi
908 1105 1008 1147 Deo
1038 1108 1082 1148 et
1111 1105 1280 1148 ecclesie
1310 1104 1457 1147 Sancti
1486 1104 1629 1147 PETRI
1661 1106 1713 1148 de
1735 1105 2042 1149 GLOECESTRIA
2062 1110 2104 1150 et

162 1197 378 1239 monachis
406 1196 565 1240 ibidem
595 1197 688 1239 Deo
719 1195 998 1239 servientibus
1027 1195 1072 1237 in
1103 1210 1254 1251 puram
1294 1198 1337 1237 et
1375 1199 1625 1252 perpetuam
1655 1197 1929 1239 elemosinam
1960 1212 2104 1240 omnes

163 1287 412 1330 elemosinas
433 1302 537 1343 quas
557 1287 821 1329 MAURITIUS
852 1288 904 1329 de
934 1286 1187 1328 LONDONIIS
1220 1320 1228 1328 .
1261 1289 1303 1329 et
1333 1285 1619 1330 WILLELMUS
1648 1302 1752 1330 avus
1772 1290 1815 1331 et
1836 1288 2026 1331 THOMAS
2055 1290 2108 1333 de

165 1376 417 1419 LONDoan
452 1411 460 1420 .
494 1378 703 1419 dederunt
733 1378 894 1433 prefate
925 1378 1093 1420 ecclesie
1123 1377 1280 1419 scilicet
1319 1378 1535 1420 ecclesiam
1575 1377 1722 1421 Sancti
1761 1379 2021 1422 MicHAELis
2056 1382 2108 1423 de

160 1467 326 1510 Ewssm
348 1483 444 1510 cum
465 1469 567 1510 villa
588 1469 641 1511 de
662 1468 827 1510 E'WENI
849 1472 891 1511 et
913 1468 1109 1511 omnibus
1138 1468 1406 1524 pertinentiis
1435 1483 1532 1511 cum
1561 1472 1683 1525 prato
1714 1472 1756 1512 et
1785 1470 2030 1513 molendino
2061 1475 2103 1514 et

162 1559 332 1615 sequela
355 1574 443 1602 sua.

217 1657 412 1700 Concessi
433 1658 563 1701 etiam
584 1658 698 1714 quod
719 1673 864 1701 omnes
885 1658 1077 1700 homines
1097 1658 1181 1700 mei
1203 1658 1277 1714 qui
1304 1658 1364 1701 ibi
1396 1657 1608 1700 voluerint
1639 1658 1795 1701 molere
1825 1658 1886 1702 ibi
1915 1660 2104 1703 moleant

156 1747 246 1791 sine
267 1749 480 1791 calumnia
502 1749 570 1791 vel
591 1749 925 1791 contradictione
949 1784 957 1791 .
981 1753 1122 1805 preter
1143 1748 1335 1791 homines
1355 1749 1407 1791 de
1429 1748 1824 1792 COLOWINESTONA.

219 1847 414 1891 Ooncessi
447 1848 577 1891 etiam
616 1849 702 1892 illis
736 1883 745 1891 .
781 1849 998 1892 ecclesiam
1039 1848 1193 1891 Sancte
1234 1848 1434 1890 BRIGIDE
1475 1864 1572 1891 cum
1611 1849 1734 1892 terris
1774 1853 1817 1892 et
1857 1851 2029 1893 decimis
2064 1854 2106 1894 et

153 1939 350 1982 omnibus
378 1940 648 1996 pertinentiis
679 1940 764 1982 suis
795 1974 804 1982 .
838 1943 880 1982 et
910 1940 1127 1982 ecclesiam
1157 1939 1303 1982 Sancti
1339 1938 1597 1982 Mmfflssms
1628 1941 1680 1983 de
1713 1940 2095 1984 COLOWINESTONA

158 2046 255 2073 cum
275 2030 397 2073 terris
417 2033 461 2073 et
481 2031 654 2074 decimis
676 2035 718 2074 et
739 2031 935 2074 omnibus
955 2031 1226 2086 pertinentiis
1246 2031 1332 2073 suis
1354 2065 1362 2073 .
1385 2033 1427 2073 et
1453 2031 1677 2087 sexaginta
1697 2046 1770 2074 sex
1791 2047 1907 2075 acras
1927 2037 2037 2076 terre
2058 2034 2104 2077 in

157 2121 305 2163 eadem
325 2121 428 2163 villa
450 2154 459 2163 .
483 2120 690 2164 Similiter
706 2122 924 2164 ecclesiam
945 2122 996 2163 de
1018 2120 1288 2163 HANADUNA
1312 2156 1319 2163 .
1343 2125 1385 2164 et
1406 2123 1622 2165 ecclesiam
1642 2124 1696 2166 de
1709 2123 2067 2168 ESEGARESTUNA
2090 2159 2099 2168 .

156 2214 198 2255 et
228 2212 444 2254 ecclesiam
475 2212 621 2255 Sancti
652 2212 865 2255 IsMAELIS
897 2245 907 2256 .
940 2217 982 2255 et
1014 2213 1231 2255 ecclesiam
1260 2214 1313 2256 de
1342 2212 1551 2255 PENBRAI
1595 2247 1603 2255 .
1642 2213 1849 2257 Similiter
1884 2216 2101 2259 ecclesiam

155 2301 302 2345 Sancti
319 2302 480 2345 Esmm
505 2304 558 2345 de
580 2302 904 2345 CARNEWALAN
929 2336 938 2345 .
961 2306 1004 2346 et
1025 2303 1241 2346 ecclesiam
1261 2302 1408 2345 Sancti
1427 2303 1612 2346 DANOEL
1637 2336 1646 2345 .
1662 2306 1705 2346 et
1721 2304 1936 2347 ecclesiam
1957 2305 2103 2349 Sancti

155 2392 185 2436 J
187 2407 385 2435 OHANNIS
405 2394 451 2435 in
468 2393 797 2436 ‘CARNEWALAN
820 2409 917 2437 cum
936 2394 1060 2436 terris
1081 2397 1123 2437 et
1144 2394 1317 2436 decimis
1338 2397 1380 2436 et
1408 2394 1605 2437 omnibus
1624 2395 1896 2451 pertinentiis
1916 2396 2003 2439 suis
2025 2430 2033 2438 .
2057 2400 2100 2440 et

158 2484 365 2540 capellam
386 2485 439 2527 de
459 2484 759 2528 EGLESKEINU
782 2500 879 2528 cum
900 2485 1097 2528 omnibus
1118 2485 1386 2541 pertinentiis
1406 2485 1493 2527 suis
1514 2519 1523 2527 .
1547 2489 1589 2527 et
1619 2500 1764 2528 omnes
1794 2486 1986 2529 ecclesias
2005 2502 2098 2530 mee

156 2578 266 2618 terre
287 2590 390 2630 quas
410 2577 536 2618 modo
555 2575 691 2618 habeo
712 2579 755 2619 et
774 2576 913 2619 adhuc
941 2576 1182 2632 perquirere
1211 2578 1368 2632 potero.
1431 2575 1636 2618 Similiter
1665 2579 1800 2619 totam
1829 2580 1987 2620 terram
2016 2593 2099 2634 que

155 2670 217 2708 cst
244 2680 297 2707 ex
327 2668 446 2721 parte
472 2666 622 2709 silvule
652 2667 705 2709 de
734 2666 903 2709 ALUNA
933 2682 1066 2722 usque
1096 2667 1152 2709 ad
1180 2682 1335 2722 pascua
1365 2681 1570 2722 equorum
1599 2667 1762 2709 domini
1792 2701 1802 2710 .
1835 2670 1878 2710 et
1902 2683 1955 2710 ex
1975 2671 2095 2724 parte

153 2755 327 2798 orientis
346 2759 482 2798 totam
502 2759 659 2799 terram
690 2758 742 2800 de
773 2758 899 2801 domo
923 2757 1088 2800 Emuci
1111 2757 1368 2800 vicecomitis
1397 2772 1530 2813 usque
1559 2758 1614 2800 ad
1643 2757 1781 2814 ripam
1811 2759 1864 2801 de
1894 2758 2060 2801 EwEm
2083 2793 2092 2802 .

155 2849 197 2889 et
218 2850 388 2889 centum
408 2862 524 2889 acras
543 2851 653 2890 terre
674 2848 720 2890 in
741 2848 1093 2891 BLUNTESDUNA.

209 2944 403 2987 Concessi
423 2945 552 2988 etiam
582 2950 625 2989 et
655 2948 900 2990 confirmavi
929 2948 1127 3003 predictis
1157 2948 1373 2990 monachis
1403 2948 1548 2991 decem
1577 2952 1619 2990 et
1650 2952 1742 2991 octo
1770 2964 1886 2991 acras
1906 2952 2015 2992 terre
2037 2950 2089 2991 de

145 3034 274 3077 feudo
298 3035 491 3077 Rumam
513 3037 565 3078 de
586 3036 826 3079 LANDEFEI
849 3069 861 3082 .
884 3041 926 3080 et
946 3039 1053 3081 duas
1074 3053 1189 3080 acras
1219 3053 1301 3094 que
1330 3038 1507 3081 fuerunt
1537 3037 1769 3081 STEPHANI
1801 3039 2040 3081 MAREscow
2072 3073 2080 3082 .
