2425 3423
397 189 510 230 2118

1105 397 1523 442 MCOOOLXXIV.

338 511 589 554 RECORD
617 511 695 554 OF
720 511 851 554 THE
881 512 1318 558 PROOEEDINGS
1344 515 1416 558 IN
1445 515 1575 558 THE
1602 514 1809 558 OOURT
1841 514 1919 557 OF
1945 514 2294 561 OHANGERY

483 602 556 645 IN
614 603 659 645 A
728 603 874 646 SUIT
935 604 1013 647 OF
1085 605 1355 649 FRANOIS
1431 606 1644 649 LLOYD
1704 605 1981 649 AGAINST
2041 606 2294 652 HOPKIN

484 693 789 738 DAWKINS
832 694 967 738 AND
1011 695 1272 749 OTHERS,
1317 696 1709 740 RESPEGTING
1750 696 2294 752 LLANGENEYTHE,

483 785 853 839 PENNARTH,
890 786 1035 839 ETO„
1069 786 1142 830 IN
1182 787 1314 830 THE
1354 787 1675 831 LORDSHIP
1711 788 1790 831 OF
1825 788 2067 842 GOWER,
2118 789 2297 834 WITH

482 878 526 921 A
577 877 793 921 ROYAL
849 878 1233 922 COMMISSION
1284 879 1360 922 TO
1414 878 1586 922 TAKE
1638 879 1769 922 THE
1830 879 2156 924 EVIDENOE
2217 880 2297 924 OF

484 969 923 1013 DEFENDANTS.

565 1086 755 1143 [P.R.O.
818 1086 1069 1129 CHANCERY
1100 1086 1426 1130 PnocEEmNGs.
1488 1087 1629 1139 Emz„
1665 1101 1732 1129 LL.
1771 1087 1811 1140 3,
1846 1087 1929 1130 No.
1966 1087 2058 1144 55.]

1595 1187 1620 1227 5
1657 1186 1768 1229 FER.
1830 1187 1885 1228 35
1922 1186 2048 1229 Em.
2112 1189 2237 1230 1593.

395 1304 659 1346 ELIZABETH
688 1303 774 1346 Dei
802 1303 942 1360 gratia
968 1303 1168 1356 ANGHE,
1190 1303 1410 1355 Famem,
1433 1306 1475 1345 et
1504 1303 1745 1345 HIBERNIE
1769 1303 1942 1360 Regina
1960 1303 2061 1346 fidei
2087 1303 2298 1358 defensor,

334 1399 429 1447 etc.,
459 1395 624 1438 dilectis
644 1394 725 1437 sibi
754 1394 784 1437 J
787 1409 963 1436 ENKINO
984 1394 1268 1437 FRANCKLYN
1299 1395 1511 1450 armigero
1535 1394 1564 1437 J
1568 1408 1756 1436 OHANNE
1785 1409 1839 1450 ap
1861 1393 2006 1437 OWEN
2027 1409 2230 1451 generoso
2257 1397 2302 1438 et

337 1487 541 1530 MATHEO
561 1486 739 1529 DAvms
761 1500 965 1542 generoso
987 1486 1181 1528 salutem.

394 1578 503 1622 Cum
520 1578 797 1620 FRANclscus
818 1576 975 1619 LLOYD
995 1580 1037 1619 et
1058 1577 1166 1619 alius
1187 1577 1404 1632 quandam
1420 1576 1675 1633 peticionem
1697 1591 1837 1618 coram
1850 1576 1973 1619 nobis
1988 1576 2035 1618 in
2049 1577 2298 1620 cancellaria

334 1673 479 1713 nostra
500 1683 645 1712 versus
670 1668 935 1710 HOPKINUM
960 1667 1188 1710 DAmes
1221 1702 1228 1710 .
1263 1667 1518 1709 ROBERTUM
1550 1667 1748 1709 HEARON
1779 1672 1821 1709 et
1841 1667 1870 1710 J
1874 1681 2093 1710 ENKINUM
2116 1667 2298 1710 ROGERS

334 1776 471 1817 nuper
501 1759 772 1803 exhibuerint
801 1760 999 1815 quodque
1030 1759 1188 1801 eisdem
1219 1758 1439 1801 HopmNo
1472 1792 1479 1800 .
1514 1757 1727 1800 Romam-0
1756 1761 1799 1800 et
1826 1757 1856 1800 J
1860 1772 2035 1800 ENKINO
2065 1773 2142 1813 per
2171 1757 2298 1802 breve

334 1856 528 1896 nostrum
559 1866 698 1906 nuper
727 1850 1038 1906 preceperimus
1068 1851 1181 1906 quod
1212 1854 1352 1892 essent
1377 1864 1516 1892 coram
1537 1849 1660 1892 nobis
1680 1850 1726 1891 in
1748 1850 1862 1891 dicta
1886 1849 2136 1892 cancellaria
2156 1851 2301 1892 nostra

336 1946 391 1987 ad
408 1947 570 1987 certum
586 1943 702 1985 diem
716 1942 808 1998 jam
828 1942 1080 1998 preteritum
1100 1942 1301 1997 peticioni
1322 1942 1509 1997 predicte
1529 1941 1771 1997 responsuri
1792 1955 1840 1982 ac
1859 1940 1992 1982 iidem
2013 1940 2267 1983 HOPKINUS
2289 1974 2298 1984 .

336 2037 580 2079 ROBERTUS
601 2037 644 2077 et
663 2034 693 2077 J
696 2048 899 2076 ENKINUS
921 2034 1025 2076 adeo
1042 2033 1297 2089 impotentes
1314 2033 1379 2075 sui
1395 2033 1581 2075 existant
1598 2033 1711 2087 quod
1727 2046 1860 2087 usque
1874 2031 2036 2073 curiam
2051 2032 2300 2074 cancellarie

337 2131 480 2170 nostre
502 2126 690 2181 predicte
711 2126 766 2167 ad
786 2125 910 2167 illum
932 2124 1046 2166 diem
1066 2125 1121 2166 ad
1142 2124 1434 2180 responsiones
1454 2138 1550 2166 suas
1570 2123 1709 2165 eidem
1729 2122 1932 2178 peticioni
1953 2123 2115 2164 fiendas
2145 2122 2303 2178 absque

338 2218 526 2261 maximo
561 2230 783 2272 corporum
816 2230 988 2258 suorum
1021 2215 1208 2271 periculo
1236 2214 1426 2257 laborare
1450 2229 1537 2256 non
1562 2214 1778 2256 sufficiunt
1814 2217 1863 2256 ut
1896 2213 2134 2269 accepimus
2168 2246 2176 2256 .
2209 2213 2302 2257 Nos

341 2310 471 2353 statui
504 2309 737 2351 eorundem
769 2306 981 2349 HOPKINI
1016 2340 1024 2348 .
1059 2306 1264 2349 Romnum
1300 2309 1341 2348 et
1381 2305 1581 2348 JENK1N1
1623 2305 1692 2361 pie
1734 2304 2042 2360 compacientes
2081 2308 2209 2360 atque
2250 2305 2303 2347 de

343 2400 624 2444 fidelitatibus
644 2399 795 2441 vestris
813 2398 983 2454 plenius
1009 2397 1269 2439 confidentes
1299 2396 1494 2439 dedimus
1515 2396 1634 2439 vobis
1665 2396 1732 2438 vel
1763 2395 1928 2438 duobus
1948 2399 2137 2438 vestrum
2166 2400 2304 2452 potes-

342 2498 476 2536 tatem
505 2498 547 2535 et
577 2492 874 2534 auctoritatem
904 2491 1016 2545 ipsos
1048 2487 1311 2530 HOPKINUM
1345 2521 1352 2529 .
1388 2487 1644 2530 ROBERTUM
1670 2490 1712 2528 et
1743 2486 1772 2529 J
1776 2500 1994 2528 ENKINUM
2025 2487 2078 2528 de
2107 2489 2151 2528 et
2180 2501 2305 2542 super

343 2584 522 2627 materia
552 2583 775 2639 peticionis
798 2581 986 2637 predicte
1007 2579 1130 2636 cujus
1151 2583 1341 2621 tenorem
1372 2578 1490 2620 vobis
1510 2578 1721 2620 mittimus
1742 2577 2009 2633 presentibus
2028 2578 2306 2621 interclusum

345 2676 576 2732 diligenter
616 2672 903 2716 examinandi.
966 2671 1027 2713 Et
1067 2671 1163 2712 ideo
1203 2669 1322 2711 vobis
1362 2670 1429 2711 vel
1469 2669 1635 2711 duobus
1676 2672 1863 2711 vestrum
1897 2669 2152 2711 mandamus
2191 2671 2306 2725 quod

346 2768 400 2808 ad
417 2768 550 2808 certos
566 2765 655 2807 dies
672 2768 713 2806 et
734 2764 825 2805 loca
841 2777 946 2818 quos
964 2762 1017 2803 ad
1030 2761 1109 2803 hoc
1122 2759 1392 2816 provideritis
1409 2760 1459 2800 ad
1479 2759 1695 2814 prefatum
1712 2758 1974 2800 HOPKINUM
2007 2792 2016 2801 .
2050 2759 2305 2802 ROBERTUM

346 2863 388 2900 et
404 2857 432 2899 J
438 2870 654 2897 ENKINUM
672 2854 878 2897 accedatis
893 2854 927 2896 si
943 2853 1160 2895 commode
1177 2852 1231 2894 ad
1244 2866 1317 2893 vos
1332 2851 1523 2893 laborare
1541 2865 1627 2892 non
1644 2850 1806 2905 possint
1822 2865 1870 2892 ac
1885 2850 1997 2905 ipsos
2013 2849 2276 2893 HopmNoM
2292 2884 2302 2894 .

351 2949 606 2992 ROBERTUM
628 2952 671 2988 et
691 2946 720 2989 J
725 2958 941 2987 ENKINUM
964 2944 1016 2985 de
1038 2946 1080 2984 et
1101 2957 1225 2997 super
1254 2941 1434 2983 materia
1453 2940 1673 2996 petitionis
1693 2939 1881 2996 predicte
1902 2955 2027 2996 super
2047 2944 2308 2984 sacramenta
