2425 3423
1919 277 2029 318 2391

1011 481 1242 525 MDOLV.

135 578 295 622 OOPY
336 580 415 622 OF
457 580 664 624 OOURT
707 579 872 623 ROLL
921 580 1000 623 OF
1040 580 1171 623 THE
1212 580 1439 624 MANOR
1479 582 1558 624 OF
1599 581 1820 625 HAVOD
1854 581 2081 633 PORTH,

278 662 607 706 WHEREBY
672 662 1034 707 LLEWELYN
1102 662 1184 706 ΑΡ
1272 664 1302 707 J
1305 664 1485 708 EUAN
1489 699 1498 717 ,
1560 663 1907 708 GWYRVILL
1972 665 2080 708 HIS

277 744 460 797 WIFE,
530 745 665 789 AND
745 745 1001 789 THOMAS
1072 745 1276 789 THEIR
1346 747 1476 799 SON,
1545 747 1676 790 ΑΒΕ
1745 746 2077 791 ADMITTED

276 827 566 872 TENANTS
637 828 760 872 FOR
830 828 979 871 LIFE
1051 827 1128 871 ΤΟ
1187 829 1232 872 Α
1282 829 1467 872 PIECE
1538 829 1617 873 OF
1666 829 1843 873 LAND
1903 830 2080 874 NEAR

272 909 710 955 LLANGENOYD
734 910 1014 964 OHUROH,
1036 911 1110 954 IN
1141 911 1272 955 THE
1293 912 1595 956 DEMESNE
1618 912 1697 955 OF
1721 912 2075 956 TERYARLL.

854 1011 1084 1068 [MARGAM
1117 1012 1372 1070 CHARTER]

1187 1097 1238 1137 15
1271 1096 1393 1138 Mn.
1458 1098 1510 1138 10
1543 1096 1667 1139 HEN.
1700 1096 1835 1140 VIII.
1904 1098 2024 1139 1518.

935 1194 1102 1236 HAvon
1135 1195 1306 1237 PORTH.

133 1291 280 1334 GumA
341 1307 505 1334 nomm
566 1292 593 1335 J
598 1307 798 1335 OHANNIS
865 1308 1050 1336 ABBATIS
1111 1309 1168 1337 DE
1231 1297 1428 1339 MORGAN
1491 1311 1652 1339 IBIDEM
1712 1312 1857 1340 TENTA
1918 1312 2084 1343 QUINTO

222 1398 387 1425 DECIMo
447 1383 568 1426 MAJJ
620 1398 743 1426 ANNO
796 1399 935 1426 REGNI
985 1385 1127 1428 Rssms
1178 1386 1384 1429 HENRICI
1436 1402 1592 1430 OCTAVI
1654 1403 1819 1431 onemo
1880 1404 1999 1431 NONo

283 1489 428 1517 conAM
450 1474 710 1518 WILLELMO
740 1490 796 1517 ΑΡ
819 1475 848 1518 J
852 1490 973 1518 EUAN
1007 1491 1062 1518 ΑΡ
1085 1477 1292 1520 Howssm,
1312 1493 1428 1520 TUNc
1459 1494 1622 1521 IBIDEM
1653 1494 1940 1523 SENEscALLo.

191 1567 265 1610 Ad
290 1566 400 1608 hanc
432 1566 593 1607 curiam
622 1570 833 1608 venerunt
863 1566 1170 1610 LLEWELINUS
1200 1583 1254 1624 ap
1283 1569 1313 1612 J
1318 1584 1439 1611 EUAN
1473 1604 1480 1611 .
1515 1569 1766 1613 GWYRVILL
1798 1571 1862 1613 fer
1892 1571 2084 1615 THOMAS

131 1673 244 1701 uxor
274 1657 368 1713 ejus
400 1691 408 1698 .
442 1661 484 1698 et
515 1655 705 1698 Tnoms
736 1656 850 1699 filius
879 1659 1110 1700 eorundem
1144 1693 1151 1700 .
1185 1664 1226 1701 et
1257 1664 1457 1715 ceperunt
1488 1662 1540 1703 de
1576 1662 1689 1704 dicto
1725 1663 1897 1705 domino
1935 1663 2088 1706 abbate

131 1763 310 1791 vacuam
340 1748 530 1803 placeam
562 1748 616 1789 ad
647 1747 932 1790 edificandum
964 1749 1138 1791 domum
1168 1766 1265 1792 cum
1295 1752 1476 1807 gardino
1507 1756 1549 1794 et
1579 1753 1673 1795 aliis
1703 1754 1789 1796 suis
1818 1754 2089 1809 pertinentiis

131 1839 343 1895 jacentem
372 1837 500 1893 juxta
531 1837 749 1879 ecclesiam
780 1839 833 1879 de
866 1837 1178 1881 LLANGENOYD
1209 1841 1254 1882 in
1285 1841 1473 1883 dominio
1494 1843 1546 1884 de
1568 1842 1812 1885 TERYARLL
1835 1845 1943 1886 sicut
1966 1845 2085 1900 prius

132 1930 273 1972 tenuit
313 1930 571 1971 GWENLIAN
621 1929 683 1969 fer
725 1928 956 1971 GRIFFITH
1007 1945 1061 1985 ap
1101 1930 1236 1973 Hom,
1285 1931 1441 1974 LLoYD
1481 1933 1726 1976 habendum
1766 1938 1809 1977 et
1852 1937 2086 1978 tenendum

129 2021 365 2077 predictam
386 2019 576 2075 placeam
598 2019 653 2060 ad
681 2019 965 2061 edificandum
987 2021 1161 2063 domum
1182 2037 1278 2064 cum
1299 2023 1480 2078 gardino
1501 2028 1542 2066 et
1573 2024 1672 2080 alijs
1701 2025 1788 2067 suis
1817 2026 2089 2082 pertinentiis

126 2111 304 2167 prefatis
344 2110 625 2152 LLEWELINO
671 2142 680 2150 .
721 2108 983 2151 GWYRVILL⁷
1021 2112 1143 2153 uxori
1189 2127 1262 2154 sue
1305 2117 1345 2155 et
1389 2113 1595 2157 ΤΗΟΜΑΞ1
1642 2116 1729 2158 filio
1765 2118 1997 2159 eorundem
2031 2119 2086 2160 ad

125 2203 359 2245 terminum
379 2201 466 2243 vite
488 2215 634 2243 eorum
654 2203 697 2242 et
727 2215 873 2242 eorum
894 2201 1021 2243 unius
1042 2202 1207 2244 diucius
1228 2203 1410 2246 viventis
1441 2238 1449 2246 .
1483 2205 1720 2248 Reddendo
1741 2207 1841 2249 inde
1862 2209 2087 2251 annuatim

125 2293 291 2350 prefato
322 2292 467 2335 abbati
498 2295 540 2334 et
571 2290 874 2333 suecessoribus
903 2292 989 2334 suis
1021 2307 1110 2335 111J.
1144 2294 1339 2337 denarios
1368 2295 1413 2337 in
1444 2298 1632 2352 tempore
1663 2298 1799 2339 usuali
1832 2313 1928 2341 cum
1959 2299 2082 2341 sectis

127 2385 240 2427 curie
272 2383 335 2426 bis
365 2383 411 2425 in
441 2397 554 2424 anno
585 2384 627 2423 et
657 2380 921 2437 heri[e]tum
951 2383 1178 2426 successive
1209 2400 1306 2427 cum
1336 2386 1534 2428 acciderit
1565 2387 1761 2430 videlicet
1790 2404 1927 2431 unum
1957 2404 2079 2432 ovem

127 2479 170 2518 et
205 2474 384 2516 ulterius
417 2476 572 2514 sectam
609 2471 722 2513 curie
762 2472 988 2515 antedictis
1028 2474 1220 2516 terminis
1250 2475 1509 2518 MICHAELIS
1539 2482 1581 2520 et
1621 2478 1851 2521 HOOKDAY
1885 2514 1892 2521 .
1928 2484 1970 2522 et
2005 2482 2079 2523 dat

123 2565 296 2608 domino
331 2565 382 2605 de
418 2563 554 2618 primo
590 2562 784 2618 ingressu
820 2577 923 2608 an.
957 2564 1151 2607 denarios
1186 2569 1228 2608 et
1263 2567 1429 2609 dabunt
1468 2569 1640 2611 domino
1668 2571 1720 2611 de
1749 2571 1944 2626 ingressu
1980 2575 2073 2627 post

122 2656 326 2699 allteriusl
359 2655 574 2696 decessum
596 2660 669 2695 1J⁰S
700 2668 878 2709 capones
908 2656 974 2697 vel
1004 2663 1116 2698 111Jor
1136 2658 1330 2700 denarios
1350 2663 1392 2701 et
1414 2660 1470 2701 sic
1490 2660 1650 2703 habent
1669 2661 1770 2704 inde
1801 2662 1999 2705 seisinam
2030 2669 2071 2705 et

120 2748 314 2790 fecerunt
354 2744 526 2787 domino
568 2745 832 2787 fidelitatem.
913 2746 968 2788 In
1005 2748 1123 2802 cujus
1162 2749 1279 2804 copie
1328 2751 1621 2794 testimonium
1660 2752 1851 2808 sigillum
1891 2755 2070 2809 predicti

119 2837 336 2881 senescalli
356 2835 622 2892 presentibus
642 2839 704 2877 est
725 2851 972 2891 appensum.

177 2928 341 2970 Datum
362 2927 430 2969 die
449 2927 540 2969 loco
562 2930 604 2969 et
625 2941 737 2968 anno
759 2928 1023 2982 supradietis.

177 3019 311 3062 Small
332 3018 470 3060 round
491 3017 590 3070 scal,
612 3018 687 3060 red
708 3033 815 3071 wax,
839 3035 863 3061 a
884 3034 1148 3076 monogram.

1025 3103 1073 3141 (1)
1100 3103 1164 3133 Sic.
