2425 3423
313 200 427 242 2126

253 406 463 449 tricesimo
483 419 596 448 nono
629 437 639 447 .
673 404 729 446 In
749 403 872 460 eujus
893 403 954 446 rei
974 402 1266 445 testimonium
1287 402 1387 443 huie
1406 401 1591 456 presenti
1612 400 1769 442 ehartae
1789 415 1896 442 meae
1927 414 2006 455 ego
2036 399 2203 456 prefata

253 497 544 539 MARGARETA
566 511 660 538 verz
682 494 871 537 TnoMAs
892 494 1085 550 sigillum
1105 508 1248 535 meum
1264 489 1459 548 apposui.

312 587 410 630 Seal
430 587 637 643 wanting.

310 678 607 720 Endorsed—-‘
624 676 720 718 Hee
741 690 912 731 presens
943 674 1090 716 charta
1121 673 1308 729 sigillata
1329 678 1371 714 et
1392 672 1626 714 deliberata
1647 686 1743 714 cum
1773 671 1927 713 seisina
1958 674 2001 713 et
2031 671 2206 727 pacifica

254 769 512 826 possessione
533 768 615 810 fuit
635 769 681 809 in
702 766 915 823 presentia
936 765 1133 807 RmAnm
1158 763 1388 806 LOUGHER
1418 797 1426 805 .
1455 763 1627 805 HARRY
1658 763 1924 805 AYLEWARD
1959 795 1967 804 .
2000 762 2207 804 EDWARD

252 876 306 916 ap
329 860 544 902 RICHARD
577 893 585 901 .
619 858 648 902 J
652 873 746 900 orm
783 857 975 900 WILLIM
1008 857 1094 898 and
1125 855 1218 897 RES
1251 854 1394 897 LLE’N
1425 852 1530 896 with
1562 853 1715 896 others.

992 1045 1464 1089 MOOOOLXXVIII.

253 1159 468 1203 GRANT
505 1158 591 1201 BY
635 1156 897 1201 WATKIN
939 1154 1296 1197 LOUGHOUR
1338 1153 1416 1196 OF
1457 1152 1796 1204 TITHEXTO,
1831 1152 1907 1195 ΤΟ
1942 1152 2210 1196 WATKIN

395 1241 599 1285 DAVID
662 1239 898 1282 HUGHE
964 1239 1043 1281 OF
1107 1235 1367 1288 KENFIG,
1434 1236 1512 1279 OF
1574 1235 1749 1278 LAND
1815 1235 1886 1277 IN
1948 1234 2207 1286 KENFIG,

395 1322 727 1368 ABUTTING
787 1321 870 1364 ΟΝ
928 1321 1058 1364 THE
1116 1319 1353 1362 HEWLE
1403 1319 1562 1361 LASE
1624 1318 1707 1361 ΟΒ,
1769 1317 2156 1361 GREENWAY.

433 1415 677 1472 [CHARTER
709 1427 969 1455 BELONGING
1000 1427 1053 1454 'ro
1085 1411 1177 1453 MR.
1202 1411 1256 1453 R.
1281 1410 1353 1452 W.
1387 1409 1679 1452 LLEWELLYN
1712 1423 1764 1451 oF
1796 1407 2027 1465 BAGLAN]

1487 1494 1542 1534 26
1574 1493 1684 1535 DEc.
1748 1494 1802 1533 40
1834 1492 1960 1533 ΕΠΖ.
2026 1492 2150 1534 1597.

313 1590 459 1633 Sciant
487 1595 701 1645 presentes
722 1592 764 1630 et
794 1587 929 1629 futuri
966 1587 1080 1641 quod
1115 1600 1195 1642 ego
1230 1585 1489 1628 WATKmUs
1515 1583 1773 1626 LOUGHOUR
1809 1584 1861 1624 de
1896 1582 2134 1624 TITHEXTO
2165 1582 2210 1624 in

254 1682 460 1725 comitatu
481 1680 770 1723 GLAMORGAN
792 1679 977 1734 armiger
998 1693 1074 1734 pro
1096 1677 1272 1719 diversis
1292 1675 1701 1718 consideracionibus
1728 1675 1825 1716 dedi
1857 1674 2039 1716 concessi
2060 1679 2102 1716 et
2132 1675 2211 1717 hac

253 1772 440 1829 presenti
461 1775 577 1813 carta
598 1769 845 1813 confirmavi
866 1768 1098 1812 Wfflzmo
1120 1767 1271 1810 DAvm
1298 1767 1476 1809 HUGHE
1498 1767 1550 1808 de
1581 1766 1684 1808 villa
1705 1766 1757 1807 de
1778 1764 1996 1806 KYNFIGE
2016 1765 2062 1806 in
2084 1765 2211 1808 comi-

254 1867 349 1906 tatu
369 1863 558 1919 predicto
580 1876 761 1917 yeoman
783 1875 913 1902 unam
935 1859 1164 1916 pareellam
1185 1862 1294 1900 terre
1316 1858 1605 1900 continentem
1638 1872 1712 1912 per
1743 1856 2062 1898 estimaeionem
2083 1871 2215 1898 unam

253 1969 393 1997 acram
426 1954 513 1995 sive
544 1953 641 2008 plus
672 1953 759 1993 sive
789 1952 932 1993 minus
963 1965 1059 1993 cum
1091 1950 1177 1991 suis
1208 1949 1478 2005 pertinentiis
1507 1948 1721 2003 jacentem
1752 1952 1792 1988 et
1826 1947 2079 1988 existentem
2101 1946 2215 1989 infra

255 2046 499 2089 libertatem
519 2044 620 2087 ville
642 2045 694 2086 de
715 2042 923 2085 KINFIGE
945 2042 1135 2097 predicta
1160 2041 1273 2083 inter
1302 2055 1438 2082 unum
1469 2040 1659 2081 clausum
1691 2044 1885 2080 vocatum
1919 2037 2050 2079 MAEs
2071 2037 2216 2080 MAUR

253 2153 304 2179 ex
340 2142 460 2192 parte
497 2134 710 2187 orientali,
743 2148 1013 2176 communem
1054 2132 1171 2174 viam
1212 2132 1372 2174 ibidem
1414 2134 1605 2173 vocatam
1644 2130 1826 2171 HEWLE
1858 2128 1978 2170 LAsE
2010 2143 2064 2170 ex
2094 2133 2215 2184 parte

255 2227 445 2280 australi,
477 2229 519 2268 et
549 2229 660 2268 terre
695 2225 783 2280 (sic)
819 2240 955 2280 nuper
986 2224 1031 2266 in
1063 2228 1215 2266 tenura
1246 2224 1332 2265 sive
1364 2221 1642 2277 occupacione
1674 2220 1908 2262 Rmfflnm
1941 2219 2132 2261 TquAs
2164 2235 2218 2262 ex

258 2318 452 2375 partibus
473 2316 724 2359 occidentali
746 2319 788 2358 et
808 2315 1010 2370 b0r[e]ali
1042 2349 1049 2356 .
1086 2314 1350 2356 Habendum
1382 2318 1424 2355 et
1454 2313 1689 2354 tenendum
1719 2311 1954 2366 predictam
1984 2310 2213 2366 parceflam

256 2414 367 2452 terre
389 2423 485 2451 cum
507 2408 593 2450 suis
614 2406 884 2463 pertinentiis
914 2406 1081 2462 prefato
1113 2405 1346 2448 WATKrNo
1376 2404 1532 2446 DAvn)
1564 2402 1743 2444 HUGHE
1774 2401 2001 2444 heredibus
2024 2406 2065 2443 et
2087 2402 2218 2458 assig-

259 2500 372 2543 natis
404 2499 489 2542 suis
519 2499 836 2554 imperpetuum
867 2498 920 2540 de
950 2497 1122 2552 capitali
1154 2496 1326 2538 domino
1357 2494 1473 2536 feodi
1503 2494 1619 2535 illius
1649 2508 1724 2548 per
1754 2493 1945 2534 redditus
1979 2495 2021 2534 et
2043 2492 2220 2535 servicia

259 2592 361 2633 inde
389 2591 508 2646 prius
537 2589 681 2632 debita
709 2591 751 2630 et
785 2590 838 2630 de
870 2588 967 2645 jure
993 2591 1206 2638 consueta,
1240 2592 1281 2628 et
1310 2601 1384 2642 per
1415 2588 1549 2626 metas
1577 2589 1619 2625 et
1649 2583 1812 2626 bondas
1841 2583 1929 2625 illic
1960 2582 2014 2625 ab
2045 2584 2222 2638 antiquo

261 2682 488 2724 limittatas
524 2684 566 2722 et,
606 2680 808 2736 cognovit
853 2681 923 2734 (sic
956 2695 1031 2731 stro
1072 2679 1280 2734 cognitas)
1323 2712 1330 2719 .
1366 2676 1427 2718 Et
1470 2691 1549 2732 ego
1591 2689 1689 2717 vero
1730 2673 1922 2730 prefatus
1961 2673 2220 2717 WATKmth

265 2772 524 2814 LOUGHOUR
545 2774 588 2813 et
607 2771 782 2813 heredes
802 2770 888 2812 mei
907 2770 1142 2826 predictam
1163 2768 1392 2825 parcellam
1408 2772 1518 2809 terre
1539 2780 1636 2808 cum
1657 2765 1742 2807 suis
1763 2765 2032 2820 pertinentiis
2052 2764 2219 2820 prefato

264 2862 497 2906 WATKINO
527 2861 680 2904 DAvm
712 2861 890 2904 HUGHE
922 2861 1148 2904 heredibus
1179 2864 1220 2903 et
1251 2858 1478 2915 assignatis
1509 2857 1594 2900 suis
1625 2857 1751 2898 modo
1783 2862 1825 2898 et
1853 2855 1990 2898 forma
2021 2855 2220 2912 predictis

265 2957 411 2997 contra
431 2967 577 2996 omnes
599 2953 791 2995 homines
814 2951 1185 2994 warantizabimus
1205 2958 1245 2993 et
1267 2965 1341 3006 per
1362 2953 1576 3005 presentes
1598 2948 1914 3003 imperpetuum
1930 2946 2221 2989 defendemus.
