2425 3423
301 241 413 307 2349

239 448 333 491 Deo
355 445 634 490 servientibus
653 461 730 502 pro
751 445 887 488 salute
907 444 1148 487 animarum
1167 448 1408 487 nostrarum
1428 447 1471 486 et
1491 446 1802 486 antecessorum
1829 445 1873 485 et
1902 457 2184 485 successorum

240 542 481 582 nostrorum
504 571 512 579 .
536 536 810 580 donationem
830 539 940 578 terre
970 536 1023 577 de
1054 535 1372 577 HEUEDHALoc
1402 549 1532 590 quam
1562 534 1622 576 eis
1651 533 1755 576 fecit
1785 532 2042 575 MORGANUS
2072 533 2185 576 filius

244 630 426 674 mem
477 663 486 671 .
536 629 644 671 sicut
691 629 805 670 carta
855 626 945 681 ejus
990 628 1171 668 testatur
1216 660 1223 668 .
1271 625 1332 668 Et
1375 625 1411 668 si
1451 625 1624 681 aliquod
1664 624 1735 680 jus
1784 624 1831 667 in
1875 624 2042 680 prefata
2073 627 2186 667 terra

241 721 469 764 habuimus
521 754 529 762 .
591 721 732 762 totum
783 717 894 759 illud
954 716 1025 773 jus
1085 723 1278 759 nostrum
1329 716 1506 772 prefatis
1554 715 1772 758 monachis
1830 715 1877 757 in
1936 718 2186 771 perpetuam

240 812 506 855 elimosinam
541 810 735 853 dedimus
765 812 808 852 et
847 808 1040 864 quietum
1081 807 1355 850 clamavimus
1395 808 1441 850 in
1485 809 1741 863 perpetuum
1773 840 1782 849 .
1827 806 1888 849 Et
1926 806 2004 849 hec
2045 807 2187 849 omnia

240 919 318 946 nos
377 902 559 945 fideliter
617 903 855 944 servaturos
905 899 951 941 in
1009 902 1277 955 perpetuum,
1339 899 1606 941 affidavimus
1655 900 1698 940 et
1751 912 1877 953 super
1926 901 2188 941 sacrosancta

241 994 410 1037 ecclesie
430 994 483 1036 de
503 992 710 1035 MARGAN
731 991 969 1047 juravimus
991 1023 1001 1033 .
1024 989 1084 1032 Et
1105 989 1206 1045 quia
1226 989 1369 1045 sigilla
1384 1004 1471 1031 non
1491 988 1731 1041 habuimus,
1755 988 1946 1044 sigillum
1966 988 2188 1030 MoRGAm

239 1085 319 1128 fflii
340 1084 522 1128 OWEINI
546 1118 554 1126 .
578 1086 620 1126 et
641 1083 832 1139 sigillum
854 1081 1080 1125 WALTERI
1102 1079 1264 1122 LUUEL
1287 1080 1445 1136 apponi
1466 1079 1657 1122 fecimus.

297 1178 401 1220 Hiis
420 1176 599 1219 testibus
623 1209 631 1217 .
655 1174 888 1218 WALTERO
909 1173 1072 1215 LUUEL
1097 1205 1106 1214 .
1129 1171 1360 1214 MORGANO
1382 1170 1494 1213 ΚΑΜ
1519 1205 1527 1213 .
1560 1171 1811 1213 ALAITHUR
1844 1204 1852 1213 .
1887 1170 2115 1213 GRIFFINO
2136 1170 2189 1213 ab

242 1269 529 1312 KANAITHUR
552 1299 561 1309 .
584 1265 732 1308 ENER'
754 1265 886 1307 fratre
908 1264 997 1320 ejus
1020 1298 1029 1306 .
1053 1263 1174 1306 Raso
1195 1262 1328 1305 Kocn
1352 1297 1360 1305 .
1385 1262 1596 1305 ROBERTO
1618 1261 1811 1305 SAMSON’
1834 1265 1877 1304 et
1905 1261 2053 1304 multis
2083 1261 2189 1304 aliis.

301 1360 404 1403 Two
426 1359 546 1411 seals,
568 1373 697 1415 green
720 1372 872 1399 wax-

304 1452 342 1493 l.
404 1450 447 1493 A
467 1448 721 1492 fleur-de-lis
746 1446 1019 1503 (imperfect).

1044 1571 1052 1578 .
1088 1571 1095 1579 .
1130 1551 1224 1578 MAB
1256 1550 1362 1577 OEIN
1397 1570 1405 1578 .
1441 1570 1449 1578 .

304 1635 342 1676 2.
405 1633 449 1675 A
471 1631 608 1674 ‘little
628 1629 755 1673 wolf'
792 1629 1015 1685 (lupellus).

797 1725 807 1744 ⁶
831 1728 872 1769 -{—
912 1733 1127 1762 smrLLUM
1161 1752 1169 1760 .
1204 1732 1410 1760 WALTERI
1444 1751 1452 1760 .
1485 1717 1642 1760 LWEL.'

306 1815 600 1858 Endorsed-——‘
616 1813 744 1856 Carta
756 1811 950 1855 Bletheri
963 1811 1041 1854 filii
1060 1810 1225 1853 Oweini
1239 1813 1281 1852 et
1297 1809 1477 1852 aliorum
1491 1809 1771 1865 plurimorum
1785 1812 1838 1853 de
1852 1810 2194 1854 Hauedhaloch.'

1075 2017 1366 2061 MDGXVH.

252 2131 554 2176 OHARTER
597 2130 675 2173 OF
722 2128 1011 2172 RIOHARD
1057 2127 1142 2170 DE
1189 2126 1408 2178 OLARE,
1454 2125 1625 2168 EARL
1671 2125 1749 2168 OF
1793 2125 2200 2172 GLOUGESTER

600 2222 733 2265 AND
779 2219 1139 2270 HERTFORD,
1187 2218 1263 2261 TO
1306 2216 1584 2260 MARGAM
1625 2216 1854 2260 ABBEY.

973 2325 1204 2382 [MARGAM
1237 2324 1491 2379 CHARTER]

1579 2414 1811 2457 BETWEEN
1846 2416 2144 2461 1229—1261.

318 2533 462 2576 Sciant
483 2531 696 2587 presentes
717 2530 759 2570 et
779 2525 916 2568 futuri
939 2526 1052 2581 quod
1074 2539 1152 2581 ego
1177 2523 1406 2566 RICARDUS
1436 2523 1488 2565 de
1520 2521 1672 2564 CLARE
1704 2538 1842 2565 comes
1873 2523 2142 2569 GLOVERNIE
2163 2532 2206 2571 et

262 2625 566 2668 HERTFORDIE
587 2618 768 2662 concessi
789 2621 831 2660 et
851 2616 1036 2673 presenti
1058 2618 1172 2658 carta
1193 2613 1438 2657 confirmavi
1458 2627 1534 2668 pro
1562 2613 1698 2655 salute
1728 2614 1869 2657 anime
1889 2631 1981 2658 mee
2002 2621 2045 2659 et
2065 2620 2208 2663 uxoris

264 2730 356 2758 mee
386 2717 428 2756 et
458 2715 767 2755 antecessorum
797 2713 838 2751 et
869 2721 1152 2750 successorum
1182 2719 1374 2748 meorum
1414 2703 1508 2746 Deo
1538 2707 1581 2745 et
1612 2704 1782 2746 ecclesie
1812 2704 1934 2749 beate
1964 2708 2124 2752 MARIE
2155 2712 2208 2755 de

262 2808 466 2850 MARGAN
504 2808 546 2847 et
580 2803 682 2845 viris
715 2800 923 2857 religiosis
957 2799 1117 2841 ibidem
1153 2797 1246 2839 Deo
1287 2795 1566 2838 servientibus
1604 2796 1649 2837 in
1685 2811 1837 2851 puram
1872 2801 1915 2840 et
1954 2804 2203 2856 perpetuam

266 2897 539 2942 elemosinam
568 2894 645 2936 has
674 2896 807 2935 terras
836 2906 910 2946 per
940 2890 1097 2932 divisas
1128 2903 1223 2931 suas
1253 2902 1349 2930 cum
1379 2886 1576 2929 omnibus
1605 2887 1874 2942 pertinentiis
1905 2890 1990 2933 suis
2022 2924 2031 2933 .
2054 2893 2211 2937 scilieet

263 2994 399 3034 totam
418 2992 575 3030 terram
595 2999 724 3040 quam
744 2982 903 3025 habent
924 2997 976 3024 ex
996 2982 1107 3023 dono
1129 2980 1333 3022 RossERu
1355 2981 1398 3020 et
1414 2977 1663 3021 WILLELMI
1684 2978 1887 3022 comitum
1905 2979 2173 3027 GLOVERNIE
2197 3019 2205 3027 .
