2425 3423
299 309 412 351 2276

240 516 399 558 faciant
420 517 472 558 de
494 520 604 559 terra
625 516 716 572 ipsa
736 515 937 571 quicquid
958 515 1171 557 voluerint
1194 548 1203 556 .
1226 515 1286 557 Et
1307 529 1387 570 ego
1418 514 1557 556 MARG
1566 528 1678 556 ANUS
1711 513 1984 570 premanibus
2008 514 2149 570 accepi
2171 546 2180 556 .

242 621 283 648 x.
307 605 436 648 libras
458 608 500 647 et
520 606 731 648 sexdecim
751 606 945 648 denarios
966 606 1018 647 de
1039 605 1229 661 predicta
1261 604 1382 646 firma
1414 639 1421 646 .
1455 619 1568 647 anno
1599 604 1652 646 ab
1668 604 1960 647 incarnatione
1988 605 2151 647 domini
2174 638 2181 646 .

242 704 302 738 M0·
345 704 391 738 0⁰·
436 696 710 752 nonagesimo
760 711 872 739 nono
916 730 924 739 .
976 699 1069 751 post
1109 695 1269 737 festum
1319 694 1466 737 Sancti
1516 694 1775 737 anfflms
1825 695 2018 751 ejusdem
2068 695 2183 737 anni.

240 787 493 832 Notandum
526 790 659 833 eciam
690 803 758 830 me
791 803 917 844 super
944 787 1183 829 sanctuaria
1206 786 1374 828 ecclesie
1399 786 1563 842 jurasse
1589 787 1702 842 quod
1727 801 1807 842 ego
1833 790 1875 829 et
1904 786 2078 830 heredes
2101 786 2186 829 mei

238 880 449 935 prefatam
480 880 753 923 donationem
783 879 982 936 predictis
1009 878 1227 921 monachis
1255 876 1624 920 warentizabimus
1652 881 1798 920 contra
1825 892 1971 920 omnes
1994 877 2186 920 homines

240 970 286 1013 in
317 974 583 1028 perpetuum.

297 1061 384 1104 His
403 1062 582 1105 testibus
603 1095 613 1105 .
637 1061 794 1104 Emi
814 1061 971 1103 decano
994 1094 1003 1103 .
1027 1059 1267 1104 WORGANO
1289 1058 1507 1114 capellano
1540 1059 1593 1101 de
1623 1057 1791 1101 AUENE
1821 1093 1829 1101 .
1860 1058 2048 1101 MEmuc
2078 1059 2186 1101 MAP

238 1156 279 1195 et
321 1152 557 1196 GRIPHINO
596 1152 728 1195 fratre
767 1153 862 1208 ejus
894 1185 902 1194 .
934 1150 1139 1194 Hownno
1172 1150 1260 1192 filio
1293 1149 1520 1192 Gmfflm
1557 1183 1565 1191 .
1606 1149 1829 1192 RUATLAN
1867 1150 1975 1192 MAP
2013 1149 2185 1193 WRGI.

237 1243 470 1287 MORGENU
507 1244 625 1287 Com:
663 1278 672 1287 .
710 1244 865 1286 DAvm
898 1243 1078 1285 PUINEL
1110 1277 1118 1285 .
1154 1241 1412 1285 W1LLELMO
1446 1240 1533 1283 filio
1570 1241 1734 1284 ALEWI
1768 1275 1776 1283 .
1814 1241 2069 1283 HERBERTO
2099 1242 2186 1284 filio

238 1334 463 1378 PALMERI.

294 1427 485 1484 Slightly
506 1427 601 1470 oval
622 1427 720 1479 scal,
743 1441 873 1483 green
894 1441 1003 1479 wax,
1026 1426 1268 1481 equestrian
1290 1431 1405 1480 type.
1469 1423 1650 1480 Legend
1671 1423 1830 1466 broken
1854 1423 1926 1466 off.

291 1519 587 1562 Endorsed—‘
603 1518 731 1562 Carta
752 1519 889 1575 prima
910 1518 1112 1574 Morgani
1135 1518 1187 1558 de
1208 1516 1437 1558 donatione
1459 1515 1654 1571 ejusdem
1675 1516 1720 1557 in
1744 1515 1926 1557 Marisco
1954 1516 2006 1557 de
2034 1515 2187 1558 Auene

232 1610 344 1653 inter
365 1610 677 1653 Pultschathan
697 1613 740 1653 et
760 1608 926 1652 Yvores
949 1608 1074 1651 Pulle
1095 1611 1137 1651 et
1158 1607 1325 1650 devisas
1346 1607 1398 1648 de
1421 1605 1675 1662 Baglande.’

1121 1807 1315 1851 MDLV.

407 1918 715 1962 ANOTHER
766 1917 925 1960 OOPY
975 1916 1053 1959 OF
1104 1916 1235 1959 THE
1287 1913 1652 1957 PREGEDING
1702 1914 2014 1957 OHARTER.

954 2025 1186 2082 [MARGAM
1218 2022 1479 2080 CHARTER]

1431 2116 1555 2156 1199.
1617 2114 1777 2156 AFTER
1809 2114 2130 2158 MICHAELMAS.

392 2228 548 2270 PRIMA
569 2227 722 2270 CARTA
743 2225 963 2268 MORGANI
987 2239 1043 2266 DE
1065 2225 1335 2267 DONATIONE
1359 2238 1441 2266 SUA
1463 2238 1511 2265 IN
1543 2223 1745 2265 MAmsco
1767 2237 1825 2265 DE
1848 2223 2030 2266 AUENA.

293 2336 504 2379 Omnibus
525 2335 679 2378 Sancte
699 2334 870 2377 ecclesie
891 2334 990 2376 filiis
1010 2333 1275 2389 presentibus
1296 2336 1338 2374 et
1366 2332 1525 2375 futuris
1546 2331 1803 2374 MORGANUS
1834 2332 1932 2374 filiis
1963 2332 2190 2375 CARADOCI

239 2428 432 2471 salutem.

297 2518 448 2562 Sciatis
468 2533 535 2560 me
557 2517 731 2560 consilio
752 2521 794 2559 et
825 2530 1030 2558 consensu
1061 2515 1246 2557 filiorum
1277 2529 1469 2557 meorum
1500 2514 1748 2557 concessisse
1779 2518 1821 2556 et
1852 2514 2016 2556 dedisse
2048 2519 2089 2557 et
2114 2515 2192 2557 hac

240 2614 355 2652 carta
391 2609 657 2651 confirmasse
704 2641 711 2650 .
756 2608 850 2650 Deo
887 2610 930 2649 et
970 2607 1140 2649 ecclesie
1180 2606 1334 2649 Sancte
1374 2605 1561 2662 MA[mE
1599 2606 1651 2646 de
1692 2604 1919 2660 MARGAn]
1967 2638 2189 2648 .....

241 2700 514 2743 elemosinam
545 2699 724 2741 liberam
765 2702 806 2740 et
846 2698 1036 2753 quietam
1075 2697 1129 2739 ab
1170 2697 1287 2739 omni
1328 2696 1503 2739 servicio
1544 2695 1850 2738 consuetudine
1891 2698 1933 2737 et
1973 2696 2191 2738 exactione

241 2791 417 2833 seculari
438 2793 574 2832 totam
594 2793 751 2832 terram
773 2804 854 2844 que
875 2788 1027 2843 incipit
1048 2789 1073 2830 a
1094 2788 1423 2830 PULTSCATHAN
1445 2793 1488 2829 et
1510 2787 1628 2828 vadit
1650 2801 1724 2841 per
1755 2786 1961 2828 fossatum
1982 2802 2115 2842 usque
2135 2789 2191 2830 ad

246 2881 433 2924 YUOREs
454 2881 607 2923 PULLE
636 2913 645 2922 .
668 2884 711 2922 et
731 2880 831 2922 inde
855 2895 986 2935 usque
1010 2880 1065 2921 ad
1091 2879 1272 2921 divisam
1296 2892 1377 2933 que
1395 2911 1404 2919 .
1422 2911 1430 2919 .
1450 2911 1459 2920 .
1476 2909 1486 2922 .
1503 2881 1545 2920 et
1566 2876 1795 2919 revertitur
1810 2892 1886 2932 per
1902 2877 2094 2920 alnetum
2114 2878 2191 2921 sub

240 2976 385 3015 monte
403 2987 536 3026 usque
557 2972 611 3013 ad
631 2970 958 3012 PULTSCATHAN
985 3003 993 3011 .
1021 2969 1223 3025 quicquid
1253 2969 1488 3011 includitur
1517 2968 1631 3010 intra
1655 2967 1732 3009 has
1763 2971 1898 3010 metas
1921 3001 1930 3010 .
1955 2967 2190 3011 Reddendo

240 3062 369 3105 michi
399 3066 440 3103 et
471 3061 698 3103 heredibus
728 3061 832 3102 meis
861 3060 1087 3102 annuatim
1116 3060 1170 3101 ad
1196 3059 1355 3101 festum
1377 3058 1525 3101 Sancti
1546 3058 1807 3100 anmms
1831 3092 1838 3100 .
1864 3073 1905 3100 v,
1929 3059 2082 3101 solidos
2113 3074 2188 3114 pro
