2912 4368
2138 741 2248 781 2375

353 958 549 999 masculis
570 958 622 999 de
650 971 821 1012 corpore
843 971 917 997 suo
939 955 1131 1010 legitime
1152 953 1380 1008 procreatis
1413 986 1420 993 .
1456 951 1719 994 Habendum
1740 955 1783 993 et
1803 951 2037 993 tenendum
2058 950 2109 991 de
2132 948 2303 1004 capitali

358 1048 529 1089 domino
551 1048 667 1089 feodi
697 1047 814 1089 illius
842 1062 917 1102 per
942 1045 1134 1087 redditus
1161 1051 1203 1086 et
1229 1043 1405 1084 servicia
1425 1044 1524 1084 inde
1547 1042 1690 1084 debita
1711 1046 1751 1083 et
1780 1042 1832 1082 de
1854 1040 1948 1096 jure
1977 1044 2175 1082 consueta
2196 1039 2301 1080 sicut

358 1138 595 1193 predictum
618 1142 679 1179 est
701 1138 1015 1192 imperpetuum
1050 1169 1056 1176 .
1092 1134 1329 1176 Reddendo
1360 1134 1584 1175 annuatim
1610 1133 1699 1188 ipse
1725 1132 1957 1174 RmARnUs
1979 1136 2020 1172 et
2040 1131 2214 1172 heredes
2242 1129 2306 1170 sui

358 1228 533 1270 masculi
586 1229 638 1270 de
691 1243 861 1282 corpore
904 1242 978 1268 suo
1029 1226 1219 1281 legitime
1265 1225 1472 1279 procreati
1524 1223 1651 1265 michi
1701 1224 1755 1265 ad
1804 1223 2033 1265 terminum
2086 1222 2166 1262 vite
2214 1235 2305 1261 mee

359 1320 644 1375 quadraginta
665 1319 795 1361 libras
817 1319 1119 1373 sterlingorum
1141 1318 1195 1358 ad
1217 1316 1326 1358 festa
1348 1315 1494 1357 Sancti
1515 1316 1775 1357 MicHAEms
1792 1318 1833 1355 et
1851 1314 2028 1355 PASCHE
2046 1328 2120 1368 per
2136 1312 2307 1367 equales

360 1413 578 1467 porciones
600 1412 865 1453 dividendas.

418 1502 478 1544 Et
500 1503 534 1543 si
556 1503 777 1557 contingat
799 1502 912 1556 quod
933 1501 1146 1556 predictus
1178 1500 1408 1541 RICARDUs
1440 1499 1484 1539 in
1518 1498 1729 1540 solucione
1758 1498 1860 1539 dieti
1891 1496 2083 1538 redditus
2113 1494 2310 1536 annualis

360 1594 551 1635 terminis
579 1593 778 1648 predictis
808 1593 972 1634 deficiet
999 1593 1043 1633 in
1070 1596 1188 1646 parte
1221 1591 1285 1633 vel
1311 1591 1354 1632 in
1389 1594 1478 1632 toto
1510 1593 1583 1631 aut
1619 1595 1748 1631 cesset
1781 1589 1894 1643 quod
1930 1588 2039 1629 absit
2073 1592 2173 1627 tunc
2204 1585 2310 1627 bene

359 1683 483 1725 liceat
515 1683 644 1725 michi
672 1683 910 1738 predictum
944 1683 1181 1724 manerium
1214 1682 1382 1737 ingredi
1418 1682 1507 1722 sine
1543 1682 1832 1722 retenemento
1869 1684 1943 1720 aut
1978 1677 2311 1719 contradiccione

359 1775 462 1816 dicti
485 1775 680 1816 anzm
703 1778 778 1815 aut
799 1774 1005 1815 heredum
1028 1789 1199 1815 suorum
1222 1788 1296 1828 pro
1318 1773 1499 1814 termino
1522 1772 1607 1813 Vite
1635 1787 1727 1813 mee
1751 1806 1758 1812 .
1784 1770 1842 1812 Et
1875 1771 1909 1811 si
1943 1770 2163 1824 contingat
2197 1768 2311 1822 quod

360 1865 573 1920 predictus
596 1865 826 1907 Rmmmus
850 1864 999 1906 obierit
1021 1864 1109 1905 sine
1132 1864 1284 1905 herede
1306 1864 1490 1904 masculo
1513 1864 1564 1904 de
1586 1878 1754 1917 corpore
1777 1877 1850 1903 suo
1872 1861 2062 1916 legitime
2084 1862 2312 1915 procreato,

361 1962 463 1998 tunc
485 1962 579 2011 post
601 1957 817 1998 decessum
839 1956 940 1997 dicti
965 1955 1158 1996 Rmstm
1182 1955 1418 2010 predictum
1439 1955 1676 1995 manerium
1700 1961 1740 1994 et
1762 1953 1986 1994 advocacie
2009 1951 2195 2006 predicta
2218 1964 2312 1990 011111

361 2048 612 2103 pertinencij
620 2063 638 2088 s
659 2047 939 2089 remanebunt
962 2046 989 2088 J
994 2061 1170 2087 OHANNI
1194 2047 1246 2087 de
1269 2046 1450 2087 Pmms
1472 2045 1595 2086 fratri
1617 2060 1710 2086 meo
1732 2050 1773 2086 et
1794 2043 2018 2085 heredibus
2039 2042 2234 2083 masculis
2263 2042 2314 2081 de

361 2154 531 2194 corpore
554 2154 628 2180 suo
649 2139 876 2193 procreatis
900 2171 907 2179 .
933 2138 1183 2180 Tenendum
1207 2138 1257 2177 de
1280 2136 1450 2191 capitali
1474 2136 1644 2177 domino
1668 2135 1782 2176 feodi
1805 2134 1919 2175 illius
1948 2149 2021 2189 per
2051 2133 2243 2174 redditus
2274 2135 2313 2171 et

361 2231 537 2272 servicia
588 2238 714 2285 prout
766 2230 1005 2284 predictum
1058 2234 1117 2270 est
1161 2229 1476 2283 imperpetuum
1512 2262 1519 2268 .
1559 2227 1793 2268 Reddendo
1831 2227 1930 2267 inde
1968 2225 2191 2266 aunuatim
2228 2223 2316 2277 ipse

362 2321 603 2363 JOHANNES
626 2325 666 2362 et
689 2321 863 2362 heredes
893 2321 956 2362 sui
985 2320 1161 2361 masculi
1188 2321 1239 2360 dc
1277 2334 1445 2373 corpore
1475 2334 1548 2359 suo
1576 2319 1781 2373 procreati
1814 2316 2158 2372 ‹1[ua]draginta
2188 2314 2315 2356 libras

364 2412 666 2467 sterlingorum
690 2413 743 2453 ad
766 2412 874 2453 festa
898 2412 1085 2466 predicta
1107 2426 1181 2465 per
1202 2411 1371 2465 equales
1392 2410 1608 2465 porciones
1639 2409 1889 2450 dividendas
1913 2442 1920 2449 .
1945 2407 2004 2449 Et
2031 2408 2064 2449 si
2093 2407 2315 2460 contingat

368 2504 481 2558 quod
503 2503 716 2558 predictus
738 2503 766 2545 J
770 2517 980 2544 OHANNES
1014 2502 1160 2543 obierit
1198 2502 1287 2542 sine
1320 2501 1472 2542 herede
1495 2501 1680 2542 masculo
1702 2501 1753 2540 de
1775 2514 1944 2554 corpore
1966 2513 2040 2540 suo
2071 2503 2286 2553 procreato
2310 2530 2317 2537 .

369 2594 514 2651 [tunc]
546 2600 638 2649 post
671 2596 886 2636 decessum
915 2594 1047 2648 ipsius
1083 2593 1313 2635 JOHANNJS
1347 2592 1585 2647 predictum
1622 2591 1858 2632 manerium
1893 2597 1934 2631 et
1968 2589 2190 2631 advocacie
2227 2604 2319 2643 pre·

365 2686 478 2728 dicta
528 2685 811 2727 remanebunt
862 2687 1024 2726 Anum
1068 2684 1197 2726 sorori
1239 2699 1330 2725 mee
1371 2688 1412 2725 et.
1448 2683 1672 2725 heredibus
1711 2682 1909 2724 masculis
1942 2683 1993 2723 de
2031 2695 2201 2735 corpore
2243 2694 2317 2721 suo

362 2777 590 2832 procreatis
613 2811 620 2818 .
647 2776 901 2818 Tenendum
934 2777 985 2817 de
1019 2774 1218 2831 capit[nli
1248 2774 1441 2830 domino]
1472 2774 1584 2816 feodi
1614 2774 1730 2815 illius
1754 2788 1829 2828 per
1854 2772 2045 2814 redditus
2073 2774 2115 2813 et
2143 2770 2317 2812 servicia

366 2875 491 2923 prout
523 2868 759 2922 predictum
796 2870 859 2908 est
890 2868 1206 2922 imperpetuum
1241 2900 1248 2907 .
1287 2866 1522 2907 Reddendo
1558 2865 1658 2906 inde
1695 2864 1917 2905 annuatim
1952 2863 2044 2918 ipsa
2080 2862 2243 2904 Amori
2278 2867 2317 2903 et

364 2959 538 3000 heredes
560 2959 625 2999 sui
645 2958 824 2999 masculi
846 2958 1135 3013 quadraginta
1158 2956 1285 2998 libras
1307 2957 1608 3011 sterlingorum
1630 2955 1760 2997 michi
1781 2970 1856 3010 pro
1872 2955 2053 2996 termino
2072 2954 2156 2995 vite
2177 2952 2311 3009 [mee]

367 3050 420 3091 ad
442 3049 550 3090 festa
571 3049 812 3103 supradicta
835 3063 910 3103 per
932 3048 1101 3103 equales
1123 3048 1340 3102 porciones
1362 3047 1624 3088 dividendas.

425 3140 482 3182 Et
500 3141 533 3181 si
556 3141 778 3195 contingat
801 3140 1035 3195 predictam
1056 3140 1258 3181 Ammn
1280 3139 1325 3180 in
1348 3139 1560 3180 solucione
1582 3138 1685 3179 dicti
1701 3138 1892 3179 redditus
1909 3137 2107 3178 annualis
2124 3136 2316 3177 terminis

368 3232 566 3286 predictis
597 3231 772 3272 deficere
806 3264 812 3271 .
851 3237 954 3272 tunc
990 3230 1097 3272 bene
1131 3230 1255 3271 liceat
1290 3230 1418 3271 michi
1453 3227 1733 3284 [predictum]
1768 3227 2006 3269 manerium
2034 3226 2204 3282 ingredi
2229 3227 2318 3267 sine

365 3326 654 3363 retenemento
682 3322 792 3363 dicte
814 3320 977 3363 ALICIE
1001 3326 1075 3362 aut
1097 3320 1300 3362 heredum
1323 3335 1494 3361 suorum
1515 3334 1589 3374 pro
1612 3319 1793 3360 termino
1826 3319 1910 3360 vite
1939 3333 2029 3360 mee
2053 3351 2061 3358 .
2085 3318 2144 3359 Et
2166 3318 2200 3359 si
2222 3332 2318 3358 con-

368 3412 511 3467 tingat
532 3413 645 3467 quod
667 3412 781 3453 dicta
802 3411 967 3453 Amen
1001 3411 1152 3452 obierit
1173 3412 1262 3453 sine
1288 3411 1442 3452 herede
1464 3410 1649 3451 masculo
1671 3410 1722 3451 de
1745 3424 1914 3464 corpore
1940 3424 2014 3450 suo
2040 3408 2315 3464 pro[creato],

369 3507 471 3543 tunc
507 3505 600 3556 post
640 3503 854 3543 decessum
889 3502 1021 3556 ipsius
1060 3503 1221 3543 Amcm
1258 3502 1494 3556 predictum
1526 3500 1764 3542 manerium
1797 3505 1838 3541 et
1874 3500 2099 3541 advocacio
2131 3499 2319 3553 predicta
