2912 4368
2199 766 2312 808 2397

423 970 542 1023 parte
583 967 734 1010 boriali
764 983 898 1024 usque
941 968 1155 1011 GOYLAKE
1187 984 1239 1010 ex
1279 973 1399 1024 parte
1430 971 1608 1012 australi
1648 985 1743 1013 cum
1784 971 1870 1013 suis
1910 972 2194 1027 pertinentiis,
2236 973 2369 1015 eciam

418 1059 697 1101 concessimus
717 1060 776 1101 eis
800 1059 1041 1102 libertatem
1069 1062 1123 1103 ad
1144 1060 1390 1117 eligendum
1411 1061 1490 1103 sibi
1518 1062 1890 1113 molendinarium,
1912 1078 1996 1105 vna
2017 1079 2111 1105 cum
2139 1064 2209 1106 via
2239 1064 2360 1107 aisia-

418 1150 553 1192 menti
589 1151 644 1192 ad
680 1151 841 1193 dictum
882 1152 1188 1203 molendinum,
1212 1152 1387 1194 vlterius
1422 1153 1701 1196 concessimus
1735 1154 1795 1196 eis
1833 1154 1973 1196 locum
2012 1170 2138 1210 super
2176 1156 2363 1198 rivulum

417 1240 576 1283 ibidem
608 1242 662 1283 ad
692 1242 854 1284 dictum
894 1243 1187 1286 molendinum
1227 1244 1475 1286 situandum
1513 1245 1547 1286 si
1588 1259 1753 1287 necesse
1793 1244 1936 1288 fuerit.
2018 1246 2283 1290 Habendum
2318 1252 2361 1291 et

417 1333 651 1376 tenendum
665 1334 826 1388 predict
833 1349 903 1375 um
917 1334 1210 1376 molendinum
1224 1349 1320 1376 cum
1342 1334 1538 1377 omnibus
1554 1336 1640 1378 suis
1654 1336 1922 1391 pertinentiis
1937 1337 2114 1393 prefatis
2128 1338 2361 1382 WALTERO

417 1428 459 1467 et
480 1423 509 1466 J
512 1439 688 1466 OHANNI
710 1424 935 1467 heredibus
965 1430 1006 1467 et
1037 1425 1294 1481 assingnatis
1324 1426 1409 1468 suis
1440 1442 1464 1467 a
1494 1426 1617 1468 ffesto
1648 1426 1794 1469 Sancti
1824 1427 2083 1470 MICHAELIS
2114 1430 2357 1486 archangeli

417 1516 566 1558 vltimo
602 1516 804 1571 preterito
837 1531 966 1571 Vsque
998 1517 1126 1558 finem
1168 1517 1339 1558 termini
1380 1518 1619 1572 nonaginta
1659 1522 1701 1559 et
1742 1533 1894 1560 novem
1927 1534 2136 1562 annorum
2169 1521 2360 1576 proxime

414 1608 685 1663 sequencium
702 1612 743 1650 et
763 1609 952 1664 plenarie
969 1609 1312 1663 complendorum
1337 1642 1344 1650 .
1369 1608 1605 1651 Reddendo
1625 1609 1725 1651 inde
1746 1610 1969 1652 annuatim
1990 1610 2110 1653 nobis
2130 1611 2355 1655 heredibus

414 1702 457 1740 et
487 1698 743 1754 assingnatis
774 1699 927 1741 nostris
958 1699 1113 1754 viginti
1145 1699 1297 1741 solidos
1326 1700 1629 1755 sterlingorum
1660 1701 1958 1743 solvendorum
1988 1703 2042 1743 ad
2072 1703 2275 1745 terminos
2305 1705 2356 1745 de

417 1789 672 1831 HOCKEDAY
702 1794 742 1831 et
774 1788 919 1832 Sancti
961 1789 1218 1832 MICHAELIS
1249 1790 1493 1846 archangeli
1524 1806 1597 1846 per
1618 1792 1787 1846 equales
1807 1793 2036 1847 porciones.
2099 1793 2158 1835 Et
2181 1796 2358 1849 predicti

417 1880 676 1924 WALTERUS
693 1884 734 1922 et
754 1881 784 1923 J
786 1895 996 1922 OHANNES
1018 1881 1255 1936 predictum
1276 1882 1598 1925 mollendiuum¹
1620 1898 1716 1925 cum
1738 1884 1934 1927 omnibus
1954 1885 2197 1941 gurgitibus
2220 1887 2357 1930 eidem

414 1972 676 2014 mollendino
706 1971 1019 2027 pertinentibus
1050 1975 1092 2014 et
1124 1973 1267 2014 omnia
1298 1973 1382 2014 alia
1412 1988 1491 2028 que
1528 1974 1581 2015 ad
1613 1974 1774 2017 dictum
1804 1976 2114 2019 mollendiuum
2144 1979 2358 2033 pertinent

415 2062 521 2105 bene
562 2067 603 2104 et
650 2066 936 2118 competenter
986 2064 1242 2106 edificabunt
1296 2064 1553 2120 reparabunt
1594 2066 1894 2109 sustentabunt
1935 2071 1977 2109 et
2019 2070 2358 2112 manutenebunt

414 2155 653 2209 sumptibus
684 2154 769 2196 suis
800 2155 979 2210 propriis
1010 2160 1051 2196 et
1082 2155 1276 2210 expensis
1306 2156 1488 2198 durante
1528 2158 1709 2199 termino
1750 2159 1937 2213 predicto
1971 2194 1977 2200 .
2012 2160 2216 2215 Exceptis
2246 2162 2360 2216 quod

414 2245 591 2301 predicti
634 2244 892 2288 WALTERUS
943 2251 985 2287 et
1025 2246 1054 2288 J
1058 2260 1266 2287 OHANNEs
1316 2246 1534 2289 habebunt
1584 2249 1635 2289 de
1676 2248 1797 2290 nobis
1847 2254 1888 2291 et
1939 2250 2164 2293 heredibus
2204 2253 2357 2294 nostris

413 2351 606 2392 grossum
646 2337 896 2379 meremium
938 2352 1011 2391 pro
1053 2337 1362 2378 sustentacione
1404 2338 1507 2379 dicti
1547 2339 1779 2381 molendini
1821 2356 2002 2383 vnacum
2039 2342 2170 2398 virgis
2201 2344 2357 2385 vocatis

416 2427 733 2484 ‘wyndynges'
776 2431 817 2469 et
870 2427 1051 2482 ‘polles'
1094 2442 1169 2482 pro
1218 2428 1281 2468 ‘le
1326 2428 1454 2470 were’
1507 2429 1551 2470 in
1598 2429 1779 2473 fforestis
1828 2432 1981 2474 nostris
2022 2448 2096 2488 per
2136 2434 2274 2476 visum
2313 2440 2355 2477 et

411 2519 708 2561 liberacionem
728 2519 1060 2561 fforestariorum
1082 2522 1321 2560 nostrorum
1342 2518 1500 2562 ibidem
1532 2536 1605 2575 pro
1637 2525 1825 2577 tempore
1855 2523 2143 2566 existencium.
2207 2526 2266 2568 Et
2297 2527 2354 2569 sic

410 2611 647 2665 predictum
663 2611 973 2652 mollendiuum
990 2625 1085 2651 cum
1102 2610 1297 2652 omnibus
1313 2612 1489 2665 prefatis
1505 2612 1590 2653 suis
1611 2613 1879 2667 pertinentiis
1895 2615 2073 2670 predicti
2095 2615 2353 2660 WALTERUS

410 2706 452 2745 et
473 2702 501 2745 J
505 2717 714 2744 OHANNES
734 2702 780 2743 in
801 2702 885 2743 fine
906 2702 1077 2743 termini
1109 2701 1173 2742 sui
1195 2702 1372 2756 predicti
1402 2701 1507 2744 bene
1539 2708 1580 2744 et
1611 2706 1896 2758 competenter
1926 2706 2168 2749 edificatum
2189 2715 2352 2751 susten-

410 2797 548 2836 tatum
569 2798 609 2835 et
632 2796 873 2849 reparatum
895 2793 1114 2834 dimittent
1136 2796 1177 2834 et
1200 2792 1375 2847 quilibet
1402 2809 1546 2835 eorum
1578 2795 1766 2836 dimittet
1799 2829 1806 2835 .
1841 2795 2014 2839 Proviso
2045 2813 2208 2854 semper
2238 2802 2350 2854 quod

408 2886 443 2927 si
474 2884 696 2940 contingat
725 2884 963 2938 predictum
994 2882 1209 2925 redditum
1241 2883 1397 2939 viginti
1428 2884 1657 2926 solidorum
1688 2889 1824 2927 aretro
1856 2887 1945 2928 fore
1976 2888 2019 2930 in
2052 2894 2171 2944 parte
2209 2892 2273 2933 vel
2303 2893 2348 2934 in

407 2981 496 3019 toto
527 2993 601 3031 per
632 2992 703 3018 sex
734 2975 990 3030 septimanas
1010 2979 1104 3030 post
1134 2975 1307 3030 aliquod
1337 2976 1567 3018 terminum
1588 2977 1825 3031 predictum
1845 2993 1930 3020 non
1952 2979 2137 3022 solutum
2171 3016 2177 3022 .
2212 2982 2295 3025 Vel
2316 2984 2351 3025 si

407 3069 643 3123 predictum
664 3067 973 3109 mollendiuum
995 3081 1091 3108 cum
1113 3066 1289 3121 prefatis
1309 3068 1395 3109 suis
1425 3069 1693 3122 pertinentiis
1723 3084 1809 3111 non
1841 3071 1894 3112 sit
1925 3074 2149 3115 annuatim
2179 3074 2285 3116 bene
2306 3080 2348 3118 et

408 3162 694 3214 competenter
714 3158 956 3199 edificatum
978 3161 1263 3200 sustentatum
1284 3161 1326 3200 et
1346 3163 1600 3214 reparatum,
1624 3161 1737 3215 quod
1758 3165 1915 3203 extunc
1935 3162 2042 3205 bene
2062 3164 2205 3207 licebit
2226 3166 2347 3208 nobis

408 3254 449 3292 et
469 3249 695 3291 heredibus
714 3249 867 3290 nostris
889 3248 933 3289 in
954 3249 1142 3302 predicto
1163 3249 1424 3292 mollendino
1446 3266 1542 3292 cum
1564 3251 1759 3294 omnibus
1784 3253 1869 3294 suis
1900 3255 2169 3308 pertinentiis
2189 3257 2348 3300 intrare

410 3344 452 3383 et
472 3341 517 3381 in
539 3340 718 3395 pristino
740 3343 854 3381 statu
874 3342 1017 3381 nostro
1038 3340 1232 3391 retinere,
1255 3340 1344 3382 has1
1365 3341 1528 3383 litteras
1559 3332 1722 3385 nostras
1752 3347 1944 3399 patentes
1975 3361 2060 3388 non
2092 3347 2305 3390 obstantes
2339 3385 2343 3391 .

410 3432 622 3475 Volumus
652 3432 784 3473 eciam
814 3434 857 3472 et
887 3432 1140 3472 mandamus
1180 3447 1254 3487 per
1294 3436 1507 3486 presentes
1546 3435 1658 3488 quod
1699 3449 1842 3477 omnes
1884 3440 2075 3479 tenentes
2105 3443 2268 3481 nostros
2298 3442 2350 3483 de

411 3524 615 3567 NEWToN
662 3523 875 3564 NOTASHE
917 3522 1125 3577 predictos
1173 3523 1247 3577 qui
1297 3523 1453 3566 debent
1494 3528 1649 3566 sectam
1699 3527 1753 3567 ad
1803 3527 2111 3570 mollendiuum
2162 3535 2352 3574 nostrum
