2425 3423
1993 281 2104 322 2299

210 503 396 533 marcam
417 490 585 546 argenti
615 488 899 545 premanibus.
961 487 1021 530 Et
1051 502 1131 544 ego
1160 502 1259 530 vero
1289 488 1504 544 predictus
1534 487 1773 530 Ronmws
1803 490 1846 530 et
1874 488 2047 530 heredes
2076 488 2162 531 mei

210 581 296 624 sive
317 581 402 624 mei
422 581 628 637 assignati
660 614 669 623 .
702 580 814 623 dicto
836 579 1095 624 WILLELMo
1123 585 1165 621 et
1186 578 1412 621 heredibus
1432 579 1518 622 suis
1546 579 1615 621 vel
1634 578 1721 621 suis
1750 578 1975 634 assignatis
2004 580 2162 622 dictam

208 675 365 715 terram
396 686 471 728 per
504 671 743 727 predictum
773 670 989 714 redditum
1030 673 1175 713 contra
1208 685 1352 713 omnes
1386 670 1579 713 homines
1619 672 1662 712 et
1701 669 1880 713 feminas
1913 671 2158 713 warentiza-

212 763 352 806 bimus
384 796 393 805 .
426 762 760 818 acquietabimus
796 795 804 804 .
847 764 891 804 et
925 761 1203 804 defendemus
1234 761 1279 802 in
1301 764 1556 817 perpetuum
1592 797 1601 805 .
1639 763 1701 806 Et
1731 768 1781 807 ut
1814 778 1909 806 mea
1944 762 2119 805 donacio
2152 795 2160 804 .

214 853 421 896 concessio
461 855 503 895 et
541 852 748 908 presentis
787 854 899 894 carte
937 867 1029 894 mee
1069 851 1337 894 confirmacio
1372 852 1495 895 firma
1535 856 1578 896 et
1613 854 1776 898 stabffis
1814 855 1861 897 in
1910 858 2162 909 perpetuum

216 946 452 1000 perseveret
475 977 483 985 .
506 943 616 986 hane
638 945 876 999 presentem
898 942 1029 999 sigilli
1051 943 1135 984 mei
1155 943 1430 997 impressione
1450 943 1655 987 roboravi.

274 1035 377 1078 Hiis
427 1034 606 1077 testibus
657 1068 666 1077 .
719 1034 976 1078 WILLELMO
1017 1033 1165 1076 Taum
1203 1067 1211 1076 .
1254 1034 1495 1077 Hssnmcos
1529 1025 1718 1080 WILLoc
1760 1071 1768 1080 .
1812 1037 2032 1080 JOHANNE
2069 1037 2166 1088 Coz,

217 1124 444 1168 anppo
466 1125 719 1168 GRAMMOUS
752 1159 760 1168 .
793 1125 1006 1167 HEcho
1027 1124 1151 1168 NEsT
1183 1159 1191 1168 .
1226 1131 1267 1167 et
1288 1125 1435 1168 multis
1455 1126 1562 1169 aliis.

276 1216 460 1259 Pointed
481 1216 576 1258 oval
598 1216 696 1268 seal,
720 1230 850 1272 green
871 1231 991 1258 wax:
1029 1231 1053 1257 a
1075 1215 1315 1271 quatrefoil.

846 1310 919 1354 (4-
949 1306 982 1348 8’
1015 1339 1025 1351 .
1060 1321 1252 1348 ROBERTI
1286 1322 1294 1348 :
1329 1321 1483 1349 MAGOR
1507 1307 1543 1349 ε’

276 1398 329 1426 An
344 1398 432 1435 early
448 1397 597 1435 example
615 1398 648 1426 of
671 1397 736 1426 suit
758 1398 791 1426 of
813 1400 906 1426 court
928 1397 954 1426 is
977 1397 1149 1427 contained
1170 1397 1202 1426 in
1225 1397 1291 1427 this
1314 1398 1401 1427 deed.
1453 1398 1521 1428 The
1542 1408 1715 1428 erroneous
1738 1409 1900 1438 grammar
1921 1401 1953 1429 of
1977 1400 2032 1430 the
2054 1403 2126 1430 text
2151 1400 2178 1428 is

220 1454 431 1483 remarkable.

1017 1608 1389 1653 MDLXXVIII.

221 1716 580 1764 QUITOLAIM
639 1716 725 1759 BY
780 1715 997 1759 MADOG
1051 1715 1171 1758 SON
1228 1716 1306 1759 OF
1365 1716 1695 1771 KNAYTHO,
1756 1719 1832 1762 ΤΟ
1894 1720 2171 1763 ΜΑΗΘΓΑΜ

364 1808 580 1851 ABBEY
624 1807 703 1850 OF
744 1806 945 1850 RIGHT
986 1806 1062 1849 ΤΟ
1112 1807 1290 1850 LAND
1333 1807 1416 1850 ΟΝ
1458 1808 1588 1851 ΤΗΕ
1638 1809 2017 1853 MOUNTAINS
2074 1811 2173 1867 <AT

363 1898 712 1954 PENNYDD),
755 1898 932 1940 NEAR
973 1897 1506 1942 BLEDSIDEWILLE
1546 1900 1680 1943 AND
1722 1900 2000 1944 FRUDUL.

937 2005 1169 2062 [MARGAM
1203 2007 1460 2064 CHARTER.]

274 2114 497 2157 Universis
519 2113 708 2156 CHRISTI
730 2114 926 2156 fidelibus
948 2129 1118 2170 presens
1152 2115 1355 2170 scriptum
1385 2116 1536 2158 visuris
1566 2117 1633 2159 vel
1663 2118 1874 2161 audituris
1907 2153 1915 2161 .
1953 2119 2168 2162 MAnocus

220 2205 333 2247 filius
353 2204 584 2247 KNAYTHO
607 2238 616 2247 .
641 2205 836 2247 salutem.

277 2295 457 2338 Noverit
497 2292 751 2338 universitas
791 2299 931 2338 vestra
964 2297 1078 2351 quod
1112 2311 1190 2352 ego
1228 2312 1432 2339 consensu
1472 2301 1514 2340 et
1547 2299 1720 2342 consilio
1754 2300 1935 2342 MADOCI
1967 2301 2166 2344 BoGHAN

215 2387 380 2429 heredis
400 2387 484 2428 mei
506 2420 513 2428 .
539 2392 582 2428 et
604 2386 787 2428 aliorum
805 2386 1010 2428 heredum
1031 2391 1073 2429 et
1095 2387 1327 2430 amicorum
1347 2403 1538 2431 meorum
1559 2390 1657 2432 dedi
1679 2395 1721 2433 et
1742 2393 1910 2447 quitum
1942 2393 2122 2436 clamavi
2151 2429 2158 2437 .

186 2472 189 2475 Δ
216 2478 309 2520 Deo
340 2481 382 2520 et
412 2477 582 2520 ecclesie
612 2476 653 2519 b.
687 2477 750 2519 M.
783 2478 835 2519 de
864 2477 1068 2519 MARGAN
1102 2511 1110 2519 .
1144 2482 1186 2519 et
1221 2511 1229 2520 .
1263 2493 1318 2520 m.
1350 2480 1375 2521 i.
1400 2479 1455 2520 D.
1479 2495 1509 2522 s.
1533 2483 1672 2523 totum
1693 2482 1893 2525 clamium
1919 2499 2062 2527 meum
2086 2520 2094 2528 .
2118 2489 2161 2528 et

216 2573 354 2610 totum
384 2567 455 2623 jus
485 2568 598 2622 quod
630 2567 823 2610 dicebam
854 2582 922 2610 me
952 2567 1106 2610 habere
1136 2568 1179 2610 in
1214 2552 1404 2624 quadam'
1439 2573 1552 2612 terra
1591 2571 1707 2615 infra
1747 2588 1891 2616 eorum
1924 2575 2079 2618 divisas
2115 2577 2161 2618 in

215 2659 429 2701 montanis
451 2691 460 2701 .
485 2658 642 2700 scilieet
662 2659 717 2700 ad
738 2659 1042 2701 occidentalem
1058 2662 1220 2715 partem
1241 2659 1374 2702 fontis
1394 2661 1468 2716 qui
1488 2662 1628 2704 dictur
1644 2662 2019 2708 ansmeuLE
2034 2667 2162 2723 juxta

211 2750 398 2792 rivulum
418 2749 492 2804 qui
512 2749 667 2791 dicitur
687 2749 880 2791 FRUDUL
903 2783 911 2792 .
934 2752 984 2792 ut
1003 2749 1188 2793 habeant
1210 2753 1252 2793 et
1280 2755 1454 2794 teneant
1475 2751 1578 2794 dicti
1602 2755 1798 2797 monachi
1825 2756 1982 2798 dictam
2002 2762 2159 2801 terram

215 2842 396 2884 solutam
417 2844 459 2883 et
481 2840 644 2896 quitam
667 2874 675 2882 .
699 2840 829 2883 libere
852 2874 860 2883 .
885 2841 1026 2896 quiete
1050 2874 1058 2883 .
1082 2846 1124 2884 et
1144 2842 1315 2898 pacifice
1335 2858 1412 2899 pro
1431 2857 1500 2886 me
1521 2846 1564 2886 et
1584 2845 1780 2889 omnibus
1806 2846 2032 2892 heredibus
2052 2851 2157 2893 meis

212 2932 526 2987 imperpetuum
550 2964 558 2973 .
583 2931 691 2973 sicut
711 2931 801 2974 ulla
821 2935 933 2974 terra
953 2932 1128 2975 liberius
1152 2937 1195 2976 et
1225 2934 1413 2990 quiecius
1443 2935 1589 2979 haberi
1618 2939 1755 2991 potest
1786 2938 1855 2980 vel
1885 2940 2032 2982 teneri.
2094 2941 2155 2984 Et

215 3037 294 3077 ego
324 3026 366 3064 et
396 3022 569 3064 heredes
599 3022 683 3065 mei
711 3022 822 3065 hanc
852 3023 1126 3066 donationem
1167 3029 1208 3067 et
1249 3026 1412 3080 quitam
1452 3027 1748 3070 clamationem
1789 3031 2158 3075 warantizabimus
