2425 3423
1930 250 2042 291 2315

1025 638 1264 684 MDXOV.

152 748 640 792 CONFIRMATION
699 747 786 791 BY
852 747 1206 800 ALAITHUR,
1269 747 1387 791 SON
1449 748 1527 791 OF
1589 747 1961 800 YTHENARD,
2023 747 2099 791 ΤΟ

295 839 572 883 MARGAM
625 838 841 882 ABBEY
893 838 972 881 OF
1027 838 1205 882 LAND
1257 838 1574 883 BETWEEN
1622 839 1753 882 THE
1794 838 2098 882 ENGLISH-

293 930 480 974 MffiN’S
523 930 711 975 WALL
750 929 885 973 AND
927 929 1058 972 THE
1101 929 1332 973 WATER
1372 929 1451 972 OF
1491 929 1729 983 AUENE,
1771 930 1876 973 Ero.

869 1038 1103 1095 [MARGAM
1135 1037 1393 1094 camma]

1444 1129 1603 1171 EARLY
1638 1130 1755 1171 13ΤΗ
1787 1129 2018 1173 omnum.

209 1238 421 1281 Omnibus
451 1238 606 1280 Sancte
635 1238 784 1281 matris
817 1239 987 1280 ecclesie
1023 1238 1122 1280 filiis
1154 1237 1422 1294 presentibus
1452 1240 1495 1279 et
1520 1237 1678 1280 futuris
1706 1237 1957 1280 ALAi'rHUR
1993 1236 2107 1279 filius

154 1329 418 1372 YTHENARD
440 1329 635 1370 salutem.

211 1420 363 1462 Sciatis
389 1434 458 1462 me
486 1419 734 1462 concessisse
765 1422 807 1461 et
838 1418 1002 1461 dedisse
1031 1422 1073 1461 et
1098 1419 1177 1461 hac
1202 1422 1316 1461 carta
1343 1434 1438 1461 mea
1459 1420 1728 1462 confirmasse
1759 1420 1853 1462 Deo
1873 1422 1914 1462 et
1940 1418 2111 1461 ecclesie

154 1511 310 1554 Sancte
330 1510 492 1553 MAmE
514 1511 567 1552 de
593 1509 798 1552 MARGAN
833 1543 840 1551 .
871 1512 914 1552 et
944 1509 1161 1552 monachis
1184 1509 1344 1552 ibidem
1371 1509 1465 1553 Deo
1492 1510 1771 1553 servientibus
1791 1511 1837 1552 in
1862 1516 2112 1566 perpetuam

152 1602 428 1645 elemosinam
455 1604 596 1644 totum
627 1604 798 1656 pratum
828 1615 972 1643 meum
1000 1604 1042 1643 et
1070 1601 1297 1643 mariscum
1324 1616 1466 1644 meum
1500 1601 1574 1657 qui
1604 1601 1717 1657 jacet
1746 1601 1860 1643 inter
1894 1601 2110 1645 WALLUM

153 1693 416 1736 ANGLoRUM
450 1696 493 1735 et
522 1707 676 1748 aquam
706 1693 758 1734 de
789 1693 957 1734 AUENE
990 1696 1031 1734 et
1070 1692 1283 1734 BEchEs
1318 1726 1328 1736 .
1359 1694 1414 1735 ad
1445 1693 1732 1735 claudendum
1761 1692 1919 1734 fossato
1951 1725 1960 1734 .
1990 1696 2032 1734 et
2059 1693 2114 1734 ad

151 1783 399 1826 faciendum
434 1784 534 1826 inde
571 1783 774 1839 quicquid
808 1783 1020 1825 voluerint
1059 1815 1069 1825 .
1107 1786 1149 1825 et
1184 1784 1239 1825 ad
1275 1783 1522 1826 habendum
1558 1787 1600 1826 et
1633 1785 1869 1826 tenendum
1903 1783 2034 1826 libere
2070 1786 2113 1825 et

153 1875 296 1930 quiete
318 1879 360 1917 et
389 1875 559 1930 pacifice
590 1875 699 1916 sicut
726 1874 814 1916 ulla
846 1874 1074 1916 elemosina
1101 1874 1277 1916 liberius
1297 1875 1432 1916 teneri
1453 1878 1593 1931 potest
1616 1907 1626 1917 .
1649 1875 1866 1917 reddendo
1887 1875 2113 1916 annuatim

153 1966 284 2008 michi
304 1969 345 2007 et
365 1965 592 2008 heredibus
613 1966 717 2007 meis
738 1965 1002 2007 solummodo
1023 1965 1249 2007 dimidiam
1269 1980 1455 2007 marcam
1477 1966 1648 2022 argenti
1670 1998 1680 2008 .
1703 1966 1757 2008 ad
1779 1965 1938 2008 festum
1963 1965 2112 2008 Sancti

157 2057 418 2100 MICHAEms
441 2091 450 2099 .
473 2072 549 2112 pro
578 2056 694 2099 omni
724 2056 899 2098 servicio
929 2089 937 2098 .
972 2056 1278 2098 consuetudine
1305 2090 1313 2098 .
1344 2060 1387 2099 et
1415 2057 1636 2099 exactione
1665 2058 1855 2100 seculari.
1919 2057 2114 2100 Concedo

157 2149 288 2191 etiam
319 2148 378 2191 eis
408 2151 458 2191 ut
487 2148 650 2190 faciant
679 2150 854 2203 pontem
884 2146 1128 2203 ubicunque
1170 2147 1385 2190 voluerint
1425 2148 1538 2190 inter
1567 2148 1784 2204 prefatum
1814 2148 2043 2190 mariscum
2074 2150 2117 2189 et

155 2244 313 2283 terram
349 2255 469 2282 suam
510 2241 563 2282 de
594 2239 776 2282 AUENE.
858 2239 917 2280 Et
958 2253 1038 2294 ego
1079 2242 1121 2281 et
1160 2239 1336 2282 heredes
1375 2241 1458 2281 mei
1501 2239 1872 2283 warantizabimus
1912 2240 2114 2295 predictis

155 2330 373 2373 monachis
409 2330 517 2372 hanc
548 2330 822 2373 elemosinam
855 2334 1045 2372 nostram
1080 2338 1227 2373 contra
1260 2345 1404 2372 omnes
1435 2330 1626 2373 homines
1655 2338 1743 2373 tam
1764 2337 1963 2387 parentes
1984 2345 2114 2386 quam

157 2428 382 2465 extraneos
403 2423 731 2478 imperpetuum.

216 2513 318 2556 Hiis
354 2513 535 2556 testibus
573 2547 581 2556 .
622 2512 830 2557 WALTER
868 2513 1024 2555 LUUEL
1055 2547 1062 2555 .
1103 2513 1259 2556 DAvn)
1299 2513 1505 2556 SCURLAG
1544 2548 1552 2556 .
1591 2513 1834 2556 STEPHANO
1875 2513 2024 2555 clerico
2061 2513 2114 2555 de

158 2604 388 2647 KENEFEG
422 2639 430 2647 .
465 2604 671 2647 RICARDo
704 2605 792 2647 filio
827 2604 922 2660 ejus
956 2638 964 2646 .
999 2604 1119 2646 Raso
1149 2604 1271 2647 Goon
1300 2638 1307 2646 .
1339 2604 1596 2647 HERBERTO
1628 2606 1680 2647 de
1706 2606 1873 2647 AUENE
1912 2638 1920 2646 .
1960 2605 2114 2647 DAvn)

158 2696 340 2739 Pomm,
364 2730 371 2738 .
396 2699 438 2738 et
458 2696 605 2739 multis
626 2696 737 2738 aliis.

216 2787 376 2830 Round
397 2789 498 2841 seal,
520 2802 651 2844 green
671 2802 780 2839 wax,
801 2786 1037 2843 imperfect,
1063 2787 1177 2838 stin.
1200 2787 1330 2830 diam.
1391 2787 1466 2830 An
1487 2787 1755 2830 ornamental
1775 2789 1944 2830 rosette.

620 2882 629 2901 ‘
654 2885 696 2927 -1-
724 2877 886 2921 sroiLL'
910 2912 918 2921 .
943 2893 971 2920 A
995 2912 1003 2921 .
1029 2911 1038 2920 .
1063 2912 1071 2921 .
1098 2911 1106 2920 .
1129 2893 1171 2920 v,
1195 2877 1284 2920 ΡΠ]
1307 2911 1316 2920 .
1341 2877 1626 2921 ΗΙΤΕΝΑΕΒῙῨ
