2425 3423
317 267 430 309 2270

1071 475 1393 520 MDXLVIII.

257 571 558 616 OHARTER
613 573 691 617 OF
731 573 960 617 HENRY
1000 574 1064 617 II.
1108 574 1355 619 TAKING
1393 575 1673 619 MARGAM
1713 576 1929 620 ABBEY
1973 575 2201 619 UNDER

396 655 505 698 HIS
541 655 947 709 PROTEOTION,
988 656 1123 700 AND
1166 657 1598 702 OOMMANDING·
1638 658 1936 702 OFFIOIAL
1982 658 2201 703 OBSER-

399 737 612 780 VANOE
662 738 974 781 THEREOF.

1019 831 1252 889 [MARGAM
1283 832 1447 890 Rom]

1483 916 1716 959 Bme-EN
1750 917 1862 959 1154
1892 931 1985 958 ΛΝΒ
2019 917 2142 959 1189.

310 1012 550 1056 HEchus
563 1014 648 1056 Dei
663 1015 803 1071 gratia
819 1015 915 1057 Rex
928 1015 1190 1058 ANGLORUM
1215 1049 1222 1057 .
1246 1017 1327 1058 duc
1348 1015 1713 1059 NORMANNORUM
1737 1051 1744 1059 .
1769 1021 1810 1060 et
1826 1017 2169 1062 AQUITANORUM
2193 1049 2201 1058 .

251 1107 295 1146 et
329 1118 465 1146 comes
504 1106 861 1147 ANDEGAVORUM
897 1139 905 1147 .
948 1106 1268 1162 archiepiscopis
1302 1140 1310 1148 .
1344 1107 1548 1163 episcopis
1577 1142 1585 1150 .
1625 1108 1850 1151 abbatibus
1893 1142 1900 1151 .
1936 1107 2160 1150 comitibus
2189 1142 2198 1150 .

248 1194 479 1238 baronibus
513 1229 520 1237 .
557 1195 804 1252 justiciariis
840 1230 848 1238 .
884 1197 1200 1240 vicecomitibus
1236 1231 1243 1238 .
1283 1202 1325 1240 et
1353 1197 1550 1241 omnibus
1579 1200 1785 1241 ministris
1818 1202 1860 1241 et
1893 1198 2088 1241 fidelibus
2115 1198 2201 1241 suis

251 1285 443 1328 salutem.

305 1377 457 1420 Sciatis
488 1393 556 1420 me
590 1379 815 1434 suscepisse
850 1379 894 1421 in
929 1394 1062 1422 manu
1096 1395 1191 1422 mea
1227 1384 1268 1422 et
1305 1380 1496 1423 custodia
1532 1384 1573 1423 et
1602 1381 1862 1437 protectione
1898 1380 2115 1423 abbatiam
2146 1382 2200 1423 de

248 1468 453 1511 MARGAN
484 1503 491 1511 .
523 1472 565 1511 et
586 1468 784 1512 abbatem
804 1473 847 1512 et
869 1469 1095 1513 monachos
1117 1471 1309 1526 ejusdem
1329 1471 1411 1514 loci
1440 1505 1449 1514 .
1477 1476 1519 1514 et
1539 1475 1673 1514 terras
1700 1477 1742 1514 et
1770 1471 1963 1514 homines
1992 1475 2033 1514 et
2055 1487 2200 1514 omnes

247 1575 313 1602 res
329 1563 372 1602 et
392 1561 672 1616 possessiones
693 1577 788 1603 suas
806 1596 813 1603 .
832 1560 893 1602 Et
914 1562 1008 1604 ideo
1030 1561 1147 1604 vobis
1168 1562 1352 1618 precipio
1370 1563 1483 1618 quod
1504 1563 1640 1619 ipsam
1661 1562 1877 1605 abbatiam
1897 1566 1939 1605 et
1955 1563 2098 1605 omnia
2120 1578 2201 1619 que

247 1652 301 1693 ad
323 1666 416 1694 eam
442 1652 658 1708 pertinent
690 1686 698 1694 .
731 1653 1043 1695 manuteneatis
1075 1686 1083 1695 .
1117 1658 1160 1695 et
1190 1654 1438 1696 custodiatis
1470 1687 1477 1695 .
1511 1657 1552 1696 et
1584 1654 1819 1710 protegatis
1850 1654 1959 1697 sicut
1987 1670 2053 1697 res
2082 1669 2199 1698 meas

245 1743 436 1799 proprias
460 1777 467 1785 .
491 1743 553 1785 ita
574 1744 688 1798 quod
708 1744 872 1786 nullam
894 1744 953 1786 eis
973 1744 1179 1799 injuriam
1200 1744 1267 1786 vel
1288 1745 1590 1787 contumeliam
1612 1749 1686 1787 aut
1717 1760 1950 1802 gravamen
1987 1745 2153 1788 faciatis
2186 1779 2194 1788 .

247 1849 324 1876 nec
346 1834 398 1877 ab
420 1834 563 1890 aliquo
594 1835 685 1877 fieri
715 1835 973 1890 permittatis
1006 1870 1013 1877 .
1049 1835 1210 1891 Siquis
1241 1839 1384 1877 autem
1415 1836 1553 1878 eidem
1584 1836 1753 1878 abbatie
1784 1836 1851 1878 vel
1881 1836 2006 1879 rebus
2036 1837 2122 1879 suis
2151 1837 2198 1879 in

245 1926 387 1981 aliquo
409 1925 671 1969 foris-facere
692 1927 992 1983 presumpserit
1015 1961 1022 1968 .
1047 1927 1282 1982 plenariam
1304 1927 1394 1968 sine
1416 1927 1621 1969 dilatione
1643 1928 1702 1970 eis
1732 1928 1833 1970 inde
1863 1927 2084 1983 justiciam
2104 1928 2196 1970 fieri

247 2017 413 2060 faciatis
446 2052 453 2059 .
488 2017 698 2060 Prohibeo
719 2024 761 2060 et
781 2033 835 2059 ne
856 2017 985 2060 abbas
1006 2024 1079 2060 aut
1111 2018 1308 2060 monachi
1339 2018 1531 2074 ejusdem
1561 2019 1642 2061 loci
1672 2022 1887 2075 ponantur
1916 2019 1961 2061 in
1993 2019 2199 2075 placitum

249 2110 300 2152 de
321 2109 409 2151 ullo
431 2109 642 2151 dominico
664 2112 907 2152 tenemento
929 2124 1004 2151 suo
1025 2109 1106 2151 nisi
1131 2124 1271 2151 coram
1292 2124 1359 2151 me
1393 2143 1401 2151 .
1437 2109 1649 2152 Testibus.

1094 2300 1365 2343 MDXLIX.

252 2402 552 2445 OHARTER
608 2402 686 2444 OF
737 2401 899 2445 KING
951 2400 1180 2444 HENRY
1235 2401 1299 2443 Π.
1358 2401 1691 2444 GRANTING
1762 2402 1838 2445 TO
1921 2402 2200 2447 MARGAM

398 2485 616 2528 ABBEY
675 2484 975 2527 FREEDOM
1036 2484 1210 2527 FROM
1271 2483 1432 2526 TOLL
1504 2484 1627 2527 FOR
1700 2484 1903 2528 THEIR,
1961 2485 2201 2530 HORSES

399 2569 533 2612 AND
589 2567 784 2611 GOODS
825 2567 896 2610 IN
933 2567 1193 2610 SUNDRY
1239 2567 1550 2611 SEAPORTS
1598 2567 1675 2610 OF
1720 2567 2028 2611 ENGLAND
2067 2569 2199 2613 AND

399 2650 776 2695 NORMANDY.

1021 2724 1118 2782 [MA
1126 2739 1251 2767 RGAM
1283 2724 1444 2781 Rom]

1486 2817 1717 2859 BETWEEN
1751 2818 1862 2859 1154
1893 2832 1985 2859 ΑΜ)
2020 2819 2142 2860 1189.

313 2928 553 2970 HENRICUS
576 2960 584 2968 .
608 2925 704 2967 ΕΘΚ
726 2926 987 2966 ANGLORUM
1011 2958 1020 2966 .
1044 2925 1132 2966 dux
1153 2923 1518 2966 NORMANNORUM
1541 2958 1550 2967 .
1574 2928 1614 2966 et
1646 2924 1988 2969 AQUITANORUM
2022 2959 2029 2968 .
2064 2941 2200 2969 eomes

257 3019 618 3062 ANDEGAVORUM
652 3049 660 3057 .
693 3015 937 3071 justiciariis
958 3019 999 3056 et
1021 3015 1336 3057 vicecomitibus
1357 3019 1398 3057 et
1419 3015 1625 3057 ministris
1646 3017 1831 3057 ANGLOE
1862 3050 1869 3057 .
1898 3019 1939 3058 et
1960 3015 2154 3059 WALLIE
2188 3051 2196 3059 .
