2425 3423
377 253 491 295 2370

1117 446 1483 490 MDOXXXIX.

348 543 563 587 ROYAL
613 543 828 588 GRANT
878 543 956 586 OF
1007 543 1418 589 OAERPHILLY
1469 546 1702 590 OASTLE
1760 546 1836 589 ΤΟ
1888 547 2100 591 ROGER
2149 547 2233 590 DE

1117 627 1473 673 OHAUNDOS.

784 726 915 783 [Ror.
949 726 1081 768 Ome.
1144 728 1199 769 20
1221 727 1349 771 Enw.
1382 728 1447 770 II.
1509 728 1700 771 MEMBR.
1734 728 1797 785 9.]

1304 813 1307 815 “
1823 803 1876 844 30
1908 802 2016 845 Dnc.
2080 803 2205 845 1326.

694 891 764 933 ΒΕ
798 890 1023 934 OusromA
1058 906 1209 934 CASTRI
1243 907 1301 934 DE
1338 892 1612 935 KAERFILLY
1647 892 1888 936 COMMISSA.

375 980 471 1023 Rex
493 981 690 1024 omnibus
711 983 766 1025 ad
787 998 905 1038 quos,
928 985 1022 1035 eto„
1045 983 1236 1026 salutem.

372 1070 494 1114 Licet
534 1088 670 1128 nuper
712 1088 788 1115 nos
829 1076 932 1116 tunc
973 1073 1201 1116 existentes
1240 1075 1286 1116 in
1327 1079 1462 1118 castro
1503 1076 1555 1117 de
1595 1075 1867 1118 KAERFILLY
1915 1075 2265 1119 commisissemus

313 1162 343 1206 J
345 1177 523 1205 OHANNI
574 1165 627 1206 de
668 1164 851 1206 FELTON
888 1166 1123 1207 custodiam
1164 1166 1289 1208 castri
1329 1166 1507 1221 predicti
1547 1182 1643 1209 cum
1683 1167 1955 1222 pertinenciis
1990 1170 2032 1209 et
2072 1167 2264 1210 omnium

312 1253 520 1296 bonorum
551 1257 792 1297 nostrorum
831 1255 877 1297 in
909 1256 1057 1298 eodem
1094 1259 1229 1298 castro
1260 1272 1335 1312 per
1366 1272 1442 1299 nos
1472 1258 1754 1309 dimissorum,
1784 1257 2028 1300 habendum
2059 1258 2264 1314 quamdiu

311 1344 434 1387 nobis
467 1346 678 1401 placeret:
711 1345 783 1387 Ita
814 1347 927 1401 quod
948 1350 1133 1389 castrum
1164 1347 1273 1389 illud
1303 1349 1425 1390 uxori
1456 1352 1597 1391 nostre
1627 1364 1705 1391 nec
1737 1349 1970 1392 EDWARDO
2001 1350 2089 1392 filio
2119 1356 2262 1393 nostro

311 1451 388 1478 nec
409 1436 538 1478 alieni
559 1436 682 1479 alteri
702 1437 1008 1493 cujuscumque
1039 1442 1174 1480 status
1205 1453 1278 1481 seu
1309 1440 1565 1482 condicionis
1595 1441 1806 1492 existeret,
1832 1441 1915 1483 nisi
1945 1441 2066 1484 nobis
2096 1456 2170 1484 seu
2198 1441 2263 1484 illi

310 1542 385 1583 per
425 1542 550 1583 quem
590 1528 735 1570 literas
769 1533 935 1570 nostras
974 1532 1169 1584 patentes
1209 1529 1374 1585 prefato
1416 1531 1445 1574 J
1448 1546 1625 1573 onANNI
1667 1532 1946 1589 dirigeremus
1986 1533 2260 1588 quovismodo

310 1617 520 1670 liberaret,
543 1620 596 1660 de
617 1619 822 1661 fidelitate
843 1622 988 1661 tamen
1009 1619 1187 1675 probata
1208 1620 1353 1663 dilecti
1373 1625 1415 1663 et
1435 1622 1571 1664 fidelis
1591 1624 1725 1664 nostri
1746 1623 1924 1665 Romam
1946 1625 1998 1666 de
2020 1624 2265 1667 OHAUNDOS

310 1710 499 1766 plenarie
539 1710 811 1762 confidentes,
848 1711 1136 1754 commisimus
1186 1712 1225 1754 ei
1276 1714 1510 1756 custodiam
1559 1715 1683 1757 castri
1734 1716 1913 1770 predicti
1964 1720 2005 1758 et
2056 1716 2264 1759 bonorum

310 1804 551 1844 nostrorum
581 1801 672 1857 jam
703 1802 983 1845 existencium
1014 1803 1059 1845 in
1090 1805 1251 1856 eodem,
1274 1804 1517 1847 habendum
1549 1807 1756 1861 quamdiu
1785 1807 1906 1849 nobis
1927 1808 2144 1863 placuerit.
2207 1808 2263 1851 In

311 1892 447 1949 cujus,
480 1898 557 1935 etc.

369 1984 494 2027 Teste
516 1984 637 2041 Rege
658 1986 773 2041 apud
795 1985 1116 2028 KENILWORTH
1155 2022 1162 2029 .
1198 2002 1302 2029 xxx.
1339 2019 1347 2027 .
1379 1989 1447 2030 die
1468 1988 1730 2032 Decembris.

845 2077 919 2114 (See
942 2076 1040 2106 :lt-cla.
1067 2077 1198 2108 ῥανῶν..
1220 2079 1276 2107 :nh
1298 2078 1412 2109 Series.
1435 2078 1506 2108 Vol.
1530 2078 1598 2112 IV,
1623 2090 1651 2117 p*
1671 2081 1750 2117 150.)

1184 2251 1415 2294 MDOXL.

315 2348 530 2391 ROYAL
581 2349 796 2392 ORDER
851 2350 926 2392 TO
979 2351 1149 2394 JOHN
1201 2352 1285 2394 DE
1347 2351 1593 2394 FELTON
1650 2352 1726 2395 TO
1787 2354 2073 2398 DELIVER
2133 2355 2262 2399 THE

443 2431 674 2474 OASTLE
716 2432 794 2474 OF
835 2433 1247 2477 OAERPHILLY
1287 2434 1363 2477 ΤΟ
1406 2434 1616 2477 ROGER
1656 2435 1740 2478 DE
1783 2435 2138 2481 OHAUNDOS.

786 2532 917 2589 [ROT.
952 2533 1082 2576 Ome.
1146 2535 1200 2576 20
1233 2534 1360 2576 Enw.
1393 2534 1457 2577 II.
1519 2535 1708 2577 MEMBR.
1743 2535 1806 2592 9.]

1824 2620 1878 2660 30
1909 2619 2020 2663 DEc.
2083 2622 2207 2665 1326.

781 2697 876 2739 Psso
908 2698 1038 2740 REGE
1071 2714 1128 2740 DE
1160 2714 1311 2741 EODEM
1342 2714 1500 2741 CASTRo
1531 2714 1800 2743 LissERANDo.

378 2786 474 2829 Rex
494 2787 648 2829 dilecto
670 2790 711 2829 et
732 2788 849 2829 fideli
869 2803 944 2830 suo
965 2789 994 2831 J
997 2804 1173 2831 OHANNI
1197 2790 1250 2831 de
1272 2789 1458 2831 FELTON
1480 2790 1672 2833 salutem.

377 2868 499 2910 Licet
528 2884 664 2924 nuper
693 2884 769 2911 nos
793 2869 839 2911 in
867 2874 1001 2912 castro
1027 2872 1079 2913 de
1105 2870 1378 2913 KAERFILLY
1408 2876 1510 2913 tunc
1540 2873 1767 2916 existentes
1791 2878 1833 2917 et
1868 2875 1921 2918 ab
1955 2878 2102 2919 eodem
2129 2880 2263 2920 castro

318 2966 394 3007 pro
423 2950 677 3006 quibusdam
708 2952 852 2994 arduis
886 2953 1072 3008 negociis
1108 2969 1184 2995 nos
1209 2957 1250 2996 et
1277 2969 1459 3010 regnum
1492 2957 1684 2997 nostrum
1720 2958 1998 3013 tangentibus
2024 2961 2265 3002 recedentes

317 3034 482 3076 diversa
502 3033 613 3076 bona
633 3038 777 3076 nostra
796 3035 1098 3078 dimisissemus
1119 3036 1164 3078 in
1181 3038 1340 3088 eodem,
1363 3052 1410 3079 ac
1431 3038 1483 3079 de
1504 3037 1709 3082 fidelitate
1726 3044 1864 3083 vestra
1884 3041 2061 3097 probata
2076 3045 2263 3100 plenarie
