2425 3423
1941 273 2053 314 2245

999 698 1280 741 MDXXXI.

172 857 387 901 ROYAL
437 857 607 902 WRIT
657 856 734 900 ΤΟ
796 856 898 900 SIR
947 855 1228 901 EDWARD
1290 855 1651 908 MAUNSELL,
1703 854 1900 907 BART„
1951 852 2117 897 LATE

318 964 595 1008 SHERIFF
630 964 709 1007 OF
748 962 1157 1016 GLAMORGAN,
1194 962 1586 1007 APPOINTING
1621 962 1878 1006 THOMAS
1916 960 2120 1005 LEWIS

319 1072 395 1116 ΤΟ
418 1071 699 1115 SUGOEED
727 1071 856 1115 HIM
884 1071 956 1115 IN
987 1071 1118 1114 THE
1145 1070 1557 1114 SHRIEVALTY
1578 1070 1657 1114 OF
1687 1070 1818 1114 THE
1850 1069 2118 1113 OOUNTY.

895 1212 1126 1270 [MARGAM
1156 1211 1410 1267 CHARTER]

1057 1354 1082 1395 8
1114 1353 1299 1395 MARCH.
1362 1354 1385 1396 1
1418 1353 1567 1398 WILL.
1600 1367 1693 1396 ΛΝΒ
1724 1353 1878 1396 MARY.
1945 1354 2069 1396 1689.

235 1496 504 1540 GULOELMUS
540 1497 582 1538 et
613 1494 777 1537 MAmA
818 1494 902 1537 Dei
941 1494 1084 1550 gracia
1113 1494 1296 1537 ANGLIE
1337 1493 1541 1537 FRANcm
1582 1497 1624 1537 et
1665 1494 1907 1536 HIBERME
1948 1493 2045 1537 Rex
2086 1497 2129 1537 et

177 1587 349 1645 Regina
387 1587 487 1630 fidei
522 1586 779 1638 defensores,
817 1589 894 1629 etc.
938 1585 1107 1628 Dilecto
1147 1588 1191 1628 et
1240 1586 1357 1628 fideli
1395 1586 1517 1629 nobis
1566 1585 1802 1628 EDWARDO
1858 1584 2127 1628 MAUNSELL⁷

177 1679 399 1722 baronetto
431 1692 568 1734 nuper
600 1676 837 1720 vicecomiti
877 1679 1020 1719 nostro
1061 1676 1286 1719 comitatus
1326 1676 1459 1719 nostri
1507 1675 1805 1720 GLAMORGAN’
1852 1676 1899 1719 in
1932 1675 2131 1720 WALLIA

181 1771 374 1813 salutem.

237 1860 348 1904 Cum
368 1860 702 1904 commiserimus
724 1859 880 1902 dilecto
902 1860 1045 1902 nostro
1062 1857 1228 1901 ΤΗΟΜΕ
1250 1857 1404 1900 LEw1s
1419 1859 1472 1901 de
1494 1858 1755 1900 PENMARKE
1777 1858 1988 1914 armigero
2009 1858 2136 1901 comi-

178 1955 318 1996 tatum
338 1954 532 1995 nostrum
555 1951 794 2008 predictum
818 1965 914 1993 cum
935 1949 1204 2006 pertinentiis
1219 1949 1542 1992 custodiendum
1559 1949 1766 2005 quamdiu
1786 1948 1908 1991 nobis
1928 1948 2137 2005 placuerit

181 2046 307 2100 prout
338 2044 385 2086 in
416 2043 574 2086 litteris
609 2042 765 2085 nostris
798 2040 1045 2096 patentibus
1078 2040 1159 2084 sibi
1195 2041 1296 2083 inde
1328 2040 1529 2083 confectis
1563 2040 1731 2096 plenius
1768 2039 2022 2092 continetur,
2059 2039 2139 2083 tibi

183 2135 439 2193 precipimus
471 2135 586 2192 quod
623 2134 760 2177 eidem
796 2132 963 2175 THOME
997 2132 1152 2175 LEWIs
1185 2132 1433 2174 comitatum
1466 2131 1704 2188 predictum
1739 2145 1837 2173 cum
1871 2131 2141 2186 pertinentiis

180 2241 366 2270 unacum
403 2226 554 2269 rotulis
591 2224 793 2268 brevibus
828 2223 1114 2267 memorandis
1146 2226 1189 2266 et
1224 2223 1419 2267 omnibus
1453 2222 1547 2265 aliis
1580 2223 1632 2265 ad
1666 2222 1850 2265 officium
1886 2222 2142 2266 vicecomitis

184 2318 408 2362 comitatus
428 2317 608 2374 predicti
629 2315 926 2373 spectantibus
947 2330 1028 2371 que
1051 2315 1097 2357 in
1128 2315 1317 2357 custodia
1336 2318 1412 2357 tua
1443 2314 1633 2357 existunt
1653 2328 1727 2370 per
1747 2313 2022 2356 indenturam
2044 2314 2144 2357 inde

186 2409 300 2452 inter
319 2412 362 2452 te
383 2411 426 2451 et
444 2407 660 2464 prefatum
687 2406 895 2451 THoMAM
916 2405 1070 2448 LEWIS
1091 2404 1233 2448 debite
1253 2405 1558 2448 conficiendam
1578 2404 1742 2447 liberes.
1805 2403 2002 2447 Testibus
2023 2404 2145 2448 nobis

186 2500 289 2557 ipsis
308 2501 424 2557 apud
445 2499 921 2544 WESTMONASTERIUM
944 2499 1091 2540 octavo
1113 2497 1181 2539 die
1201 2496 1356 2539 Marcii
1376 2511 1489 2539 anno
1510 2495 1636 2552 regni
1657 2495 1790 2538 nostri
1812 2495 1962 2551 primo.

1481 2587 1655 2630 Powm.
1834 2586 2057 2629 POWELL'.

247 2700 392 2756 Lump
414 2699 459 2742 of
479 2698 738 2741 uncoloured
761 2711 870 2749 wax,
892 2695 998 2739 with
1017 2695 1240 2739 indistinct
1255 2695 1505 2752 impression
1525 2694 1571 2737 of
1599 2697 1715 2751 parts
1736 2693 1782 2737 of
1801 2693 1875 2737 the
1897 2696 2018 2751 great
2043 2695 2155 2739 seal.
