2425 3423
348 300 462 341 2314

1127 768 1393 811 MDXCIV.

297 887 513 932 GRANT
571 885 659 930 BY
718 884 1037 937 YERUERT,
1099 883 1216 927 SON
1272 883 1350 927 OF
1403 883 1776 934 YTHENARD,
1841 881 1917 925 TO
1974 881 2250 925 MARGAM

440 985 670 1038 ABBEY,
713 985 792 1028 OF
832 984 958 1027 ALL
999 983 1106 1026 HIS
1144 983 1310 1026 PART
1353 983 1431 1025 OF
1471 983 1602 1026 THE
1640 982 1816 1025 LAND
1853 981 1932 1024 OF
1968 981 2249 1033 PENNUD,

443 1086 575 1129 AND
617 1082 1025 1128 ABJURATION
1067 1082 1145 1125 OF
1185 1081 1312 1125 ALL
1353 1081 1484 1124 THE
1524 1081 1700 1123 LAND
1744 1080 1822 1124 OF
1863 1079 1994 1123 THE
2035 1079 2252 1123 MONKS

442 1184 669 1230 WHICH
709 1183 850 1227 LIES
892 1181 1207 1226 BETWEEN
1248 1180 1467 1226 AVENE
1503 1180 1638 1224 AND
1680 1179 1996 1223 KENEFEG.

1014 1298 1245 1356 [MARGAM
1277 1296 1535 1354 CHARTER]

1610 1387 1769 1430 EARLY
1807 1389 1924 1429 13ΤΗ
1964 1387 2194 1430 CENTURY.

356 1511 567 1554 Omnibus
587 1509 741 1553 Sancte
761 1508 931 1551 ecclesie
952 1507 1050 1550 filiis
1071 1505 1338 1562 presentibus
1359 1509 1401 1548 et
1420 1505 1592 1557 futuris,
1609 1503 1836 1547 YERUERT
1856 1504 1970 1547 filius
1990 1503 2254 1546 YTHENARD

299 1605 495 1647 salutem.

356 1695 510 1738 Sciatis
531 1708 598 1736 me
627 1692 802 1735 consilio
836 1696 878 1733 et
911 1704 1116 1732 consensu
1141 1692 1369 1745 parentum
1395 1691 1437 1730 et
1468 1687 1699 1729 amicorum
1728 1701 1921 1729 meorum
1943 1687 2191 1729 concessisse
2212 1690 2255 1729 et

299 1787 464 1830 dedisse
497 1785 589 1827 Deo
617 1787 659 1827 et
695 1783 865 1826 ecclesie
896 1781 1051 1824 Sancte
1079 1780 1239 1822 MARIE
1269 1781 1321 1821 de
1350 1778 1554 1821 MARGAN
1584 1781 1625 1820 et
1649 1793 1704 1820 m.
1737 1777 1763 1819 i.
1794 1777 1849 1819 D.
1884 1792 1914 1820 s.
1947 1783 2083 1820 totam
2113 1792 2253 1820 meam

299 1884 465 1935 partem
485 1880 595 1920 terre
616 1877 669 1918 de
690 1875 888 1917 PENNUD
910 1888 1007 1916 cum
1027 1887 1146 1915 mora
1167 1878 1207 1914 et
1229 1871 1352 1914 bosco
1381 1874 1423 1913 et
1444 1869 1641 1912 omnibus
1671 1868 1766 1910 aliis
1796 1868 2066 1923 pertinentiis
2096 1868 2182 1911 suis
2211 1868 2258 1910 in

300 1984 452 2026 puram
474 1973 515 2011 et
536 1971 786 2024 perpetuam
808 1964 1082 2008 elemosinam
1105 1996 1113 2005 .
1137 1972 1186 2005 ut
1205 1962 1393 2004 habeant
1413 1965 1455 2003 et
1475 1963 1651 2002 teneant
1682 1974 1774 2001 eam
1806 1958 1937 2001 libere
1969 1963 2013 2001 et
2043 1959 2184 2015 quiete
2205 1959 2259 2001 ab

301 2060 419 2103 omni
441 2058 745 2102 consuetudine
773 2060 816 2099 et
849 2056 1019 2098 servitio
1051 2059 1094 2097 et
1122 2053 1343 2096 exactione
1376 2052 1553 2095 seculari
1581 2051 1689 2093 sicut
1714 2051 1804 2093 ulla
1827 2050 2061 2093 elemosina
2084 2050 2260 2093 liberius

302 2151 440 2194 teneri
476 2156 517 2192 et
552 2148 699 2192 haberi
734 2152 885 2203 potest.
948 2146 1008 2189 Et
1036 2160 1116 2201 ego
1147 2149 1190 2187 et
1220 2144 1395 2187 heredes
1423 2143 1507 2185 mei
1536 2141 1909 2185 warantizabimus
1934 2157 2028 2184 eam
2058 2142 2259 2198 predictis

304 2242 522 2285 monachis
542 2241 588 2283 in
609 2244 863 2296 perpetuum
883 2242 1030 2280 contra
1051 2251 1196 2279 omnes
1216 2235 1422 2278 homines.
1484 2234 1545 2276 Et
1566 2234 1786 2276 sciendum
1807 2234 1921 2289 quod
1943 2237 2080 2276 totam
2101 2236 2259 2275 terram

303 2333 609 2377 monachorum
630 2346 712 2387 que
732 2334 795 2373 est
815 2331 927 2373 inter
947 2329 1116 2372 AUENE
1138 2332 1179 2370 et
1201 2327 1428 2370 KENEFEG
1451 2326 1510 2369 eis
1529 2325 1708 2369 liberam
1739 2330 1781 2367 et
1807 2326 1996 2380 quietam
2018 2324 2199 2368 clamavi
2219 2328 2262 2367 et

308 2424 507 2481 abjuravi
527 2424 573 2465 in
596 2425 863 2479 perpetuum.

367 2515 468 2558 Hiis
500 2514 680 2557 testibus
702 2547 712 2557 .
735 2513 940 2569 magistro
965 2512 1201 2554 MAUleo
1233 2545 1241 2553 .
1275 2510 1433 2552 HELIA
1458 2510 1616 2552 decano
1648 2542 1656 2550 .
1690 2508 1924 2550 MAURICm
1952 2508 2040 2550 filio
2067 2507 2265 2564 magistri

309 2608 550 2650 MAURICII.

367 2699 528 2741 Round
549 2698 649 2749 seal,
671 2698 746 2739 red
767 2711 875 2747 wax,
898 2710 952 2737 an
974 2693 1241 2737 ornamental
1261 2696 1429 2735 rosette.

750 2790 760 2810 ‘
782 2793 824 2835 -1-
853 2785 1014 2828 SIGILL'
1040 2820 1047 2828 .
1073 2799 1272 2827 10RVERD
1298 2818 1305 2826 .
1330 2797 1444 2825 FILII
1468 2815 1476 2825 .
1503 2816 1510 2824 .
1538 2815 1546 2823 .
1572 2815 1580 2823 .
1606 2780 1808 2823 ENARnN
