2425 3423
329 250 443 292 2266

267 457 484 499 ecclesiam
505 458 557 500 de
579 456 850 498 HANEDUNA
872 458 913 496 et
935 454 1153 496 ecclesiam
1176 454 1227 494 de
1258 451 1535 494 ESEGAREST'
1569 466 1666 495 cum
1697 451 1893 494 omnibus
1923 466 2005 507 que
2035 451 2091 493 ad
2120 451 2216 493 iflas

268 547 485 603 pertinent
517 580 526 589 .
561 546 621 589 Et
652 560 797 588 omnes
828 544 1020 587 ecclesias
1053 545 1105 585 de
1136 542 1463 585 GARWATHLAN
1497 576 1506 584 .
1539 541 1608 584 Do
1639 541 1772 584 eciam
1801 541 1887 583 illis
1917 541 2133 584 ecclesiam
2162 541 2215 583 de

270 638 479 680 Pssmmm
514 672 522 680 .
546 642 587 680 et
618 636 836 679 ecclesiam
867 637 919 677 de
949 635 1105 678 Sancto
1137 634 1337 677 ISMAELE
1373 667 1381 675 .
1413 638 1457 676 et
1487 633 1705 675 ecclesiam
1733 633 1785 675 de
1805 632 2150 674 LANDIVAILoc.
2176 636 2218 674 et

269 743 414 772 omnes
435 728 628 771 ecclesias
648 731 759 770 terre
779 742 871 769 mee
893 741 1021 781 quam
1043 726 1168 768 modo
1189 725 1324 767 habeo
1357 758 1366 767 .
1399 728 1442 767 et
1463 739 1592 780 quam
1613 724 1753 766 adhuc
1783 723 2005 778 adquirere
2026 725 2172 778 potero
2205 756 2213 765 .

270 819 341 863 Do
371 820 504 862 eciam
533 820 646 862 dicto
676 818 807 875 priori
834 823 884 860 ut
915 818 967 859 de
1000 832 1173 859 nemore
1203 831 1296 859 meo
1326 816 1544 872 lignorum
1576 815 1716 871 capiat
1741 814 2041 857 sufficienciam
2061 812 2218 869 absque

268 911 451 966 alicujus
471 910 712 966 calumpnia
740 942 748 951 .
779 912 821 951 et
848 908 1053 964 capenam
1081 922 1163 963 que
1183 907 1311 949 estin
1333 921 1503 949 nemore
1533 920 1627 948 meo
1657 906 1710 948 de
1740 905 2035 947 HOGGEMORA
2068 938 2076 946 .
2109 903 2220 947 Cum

267 1005 411 1044 autem
440 1000 605 1057 prefate
635 999 806 1042 ecclesie
834 999 1024 1055 predicto
1054 998 1261 1053 prioratui
1291 997 1454 1040 fuerint
1484 996 1755 1053 appropriate
1786 996 1867 1038 erit
1894 995 1955 1038 ibi
1987 998 2219 1038 conventus

269 1093 324 1135 ad
364 1092 507 1134 minus
541 1091 763 1134 tresdecim
803 1089 1107 1132 monachorum
1149 1088 1557 1131 GLOUCESTRIENSIS
1604 1087 1764 1130 ordinis
1797 1119 1808 1132 .
1850 1086 1912 1130 Vt
1962 1090 2106 1129 autem
2145 1086 2221 1129 hec

274 1198 368 1226 mea
404 1182 582 1226 donacio
615 1181 780 1238 jugiter
815 1183 1052 1237 perseveret
1089 1214 1098 1223 .
1136 1180 1215 1222 hoc
1246 1193 1418 1235 presens
1458 1178 1662 1234 scriptum
1692 1193 1835 1221 meum
1871 1178 2012 1234 sigillo
2039 1192 2133 1220 meo
2164 1178 2221 1220 sic

267 1274 542 1317 communivi.

325 1365 428 1408 Hiis
448 1364 627 1407 testibus
650 1399 657 1406 .
682 1364 871 1407 Domino
892 1363 1096 1407 VTREDO1
1116 1362 1416 1405 LANDAVENSI
1434 1361 1628 1418 episcopo
1652 1394 1660 1403 .
1678 1360 1874 1403 VRBANO
1892 1359 2185 1402 archidiacono
2208 1395 2215 1402 .

265 1456 456 1498 PAGANO
477 1456 529 1498 de
550 1455 729 1499 VETERI
753 1454 980 1497 CAsTELLo
1004 1489 1011 1496 .
1037 1453 1261 1497 Gosrmno
1283 1453 1335 1495 de
1358 1452 1532 1494 OHAUsI
1556 1486 1563 1494 .
1590 1452 1801 1494 Roemm
1823 1451 1875 1493 de
1902 1450 2174 1494 CANTULUPO
2208 1485 2215 1493 .

267 1546 385 1589 ELIA
427 1547 479 1589 de
521 1546 795 1589 CANTULUPO
839 1579 846 1588 .
891 1545 1018 1588 ΟΕΝΟ
1054 1545 1190 1587 milite
1234 1577 1243 1586 .
1284 1543 1521 1585 EDWARDO
1561 1546 1602 1584 et
1640 1541 1830 1584 Roamzo
1867 1541 2090 1598 armigeris
2127 1575 2134 1583 .
2179 1545 2221 1584 et

270 1638 500 1682 GERMANO
533 1672 541 1680 .
575 1641 617 1680 et
648 1637 859 1680 SERLONE
890 1636 1098 1679 ministris
1119 1635 1311 1692 ejusdem
1334 1635 1414 1677 loci
1447 1669 1455 1676 .
1489 1637 1530 1676 et
1552 1633 1658 1676 aliis.

1024 1728 1071 1764 (ι)
1115 1724 1470 1762 A.D.1139‚0b.114s.

1124 1948 1368 1992 MDXLV.

268 2059 723 2103 NOTIFIOATION
775 2059 861 2102 BY
911 2057 1204 2101 MAURIOE
1256 2056 1340 2099 DE
1392 2053 1737 2098 LONDONHS
1798 2053 1875 2096 ΤΟ
1936 2053 2220 2104 UHTRED,

416 2150 645 2194 BISHOP
686 2150 763 2193 OF
804 2149 1162 2200 LLANDAFF,
1205 2147 1283 2190 OF
1336 2146 1444 2189 HIS
1487 2143 1735 2188 GRANTS
1781 2144 1915 2187 AND
1969 2144 2221 2188 CONFIR-

417 2241 695 2285 MATIONS
738 2241 813 2284 ΤΟ
857 2239 1143 2284 EWENNY
1186 2237 1438 2281 PRIORY.

975 2347 1207 2405 [MARGAM
1241 2344 1499 2401 CHARTER.]

1510 2435 1743 2477 BETWEEN
1776 2434 1887 2476 1139
1919 2449 2012 2476 AND
2045 2436 2168 2477 1149.

336 2549 527 2592 VEREDO
587 2551 679 2599 (for
729 2547 918 2590 VTREDo
936 2547 983 2600 P)
1040 2546 1338 2589 LANDAVENSI
1391 2544 1585 2600 episcopo
1626 2546 1667 2585 et
1718 2541 1914 2585 omnibus
1960 2543 2106 2585 amicis
2147 2544 2233 2586 suis

280 2640 541 2682 MAURICIUS
572 2639 624 2681 de
645 2637 900 2680 LONDoan
922 2637 1116 2680 salutem.

335 2730 555 2773 Noveritis
577 2744 644 2771 me
665 2729 828 2771 dedisse
849 2731 891 2770 et
911 2728 990 2770 hac
1010 2727 1197 2784 presenti
1218 2731 1333 2769 carta
1353 2740 1448 2768 mea
1470 2725 1737 2767 confirmasse
1758 2723 1888 2779 priori
1910 2724 1962 2766 de
1992 2724 2159 2767 EwEm
2188 2728 2231 2768 et

274 2820 492 2864 monachis
512 2835 652 2862 secum
674 2819 1033 2862 commorantibus
1053 2833 1198 2861 omnes
1218 2817 1412 2861 ecclesias
1433 2817 1485 2858 de
1506 2814 1680 2858 baronia
1702 2829 1796 2856 mea
1817 2828 1922 2869 quas
1943 2816 2069 2857 modo
2090 2815 2225 2859 habeo

278 2916 319 2955 et
360 2926 464 2967 quas
504 2910 726 2966 adquirere
766 2914 912 2965 potero
953 2910 1111 2952 scilicet
1151 2908 1368 2951 ecclesiam
1409 2906 1563 2949 Sancte
1603 2905 1804 2947 BR1G1DE
1847 2919 1943 2947 cum
1983 2905 2155 2961 capellis
2187 2910 2229 2949 et

275 3003 465 3045 decimus
486 3000 567 3043 sibi
588 3000 903 3056 pertinentibus
924 3004 966 3042 et
985 3000 1134 3042 villam
1155 3001 1207 3041 de
1229 2998 1386 3041 Sancta
1408 2997 1610 3039 BmeA
1632 3001 1674 3037 et
1694 2995 1843 3037 villam
1867 2996 1920 3038 de
1948 2995 2115 3038 Evvnm
2136 3012 2231 3040 cum
