2425 3423
305 254 417 296 2348

241 461 500 504 CANTILUPO
523 495 532 504 .
556 461 746 505 THOMAS
767 462 819 504 de
838 461 1081 505 NERBERD’
1112 498 1120 506 .
1152 464 1412 508 WALTERUS
1442 464 1600 507 LovEL
1644 499 1653 508 .
1686 465 1877 509 Tnoms
1907 467 1960 509 de
1990 466 2142 510 Sum]
2177 502 2186 510 .

240 551 419 594 HEHAS
459 552 656 595 BAssnr'r
697 586 708 596 .
751 552 992 596 HENmoth
1032 554 1085 597 de
1125 554 1436 598 GLoncEs‘rRIA
1478 589 1486 598 .
1537 555 1771 599 RICARDUS
1812 557 1865 599 de
1905 556 2188 601 GATTESDEN'

241 642 424 686 salutem
443 643 491 686 in
511 644 700 687 domino.

298 732 408 776 Cum
428 733 484 776 sit
502 734 660 776 rationi
680 738 1010 777 consentaneum
1030 739 1080 777 ut
1099 736 1390 792 unusquisque
1410 737 1703 780 testimonium
1734 738 1955 794 perhibeat
1984 739 2156 783 veritati
2178 773 2187 783 .

237 823 292 866 ad
312 823 599 866 universitatis
619 827 755 867 vestre
775 825 978 867 noticiam
997 825 1192 869 volumus
1213 827 1411 869 devenire
1432 828 1546 883 quod
1567 842 1663 870 cum
1682 827 1829 884 jurata
1848 831 1956 871 esset
1976 830 2190 873 arraniata

235 915 348 958 inter
368 915 566 958 abbatem
585 918 630 958 et
649 920 906 959 conventum
928 917 980 959 de
1000 916 1139 959 Nmn
1160 920 1202 960 et
1222 916 1477 960 LEYSANUM
1497 919 1635 961 filium
1666 918 1888 961 MORGANI
1909 920 1962 963 de
1982 935 2187 964 consensu

235 1006 426 1063 parcium
464 1040 473 1048 .
511 1021 651 1049 coram
680 1007 853 1050 domino
875 1007 1026 1050 comite
1056 1042 1064 1050 .
1099 1008 1150 1050 de
1175 1010 1288 1051 terra
1319 1009 1371 1050 de
1402 1008 1759 1052 ENNEUSGAUEL’
1794 1043 1803 1052 .
1838 1010 2011 1053 tandem
2031 1011 2188 1067 viginti

231 1104 413 1154 quatuor
433 1112 573 1141 coram
594 1098 767 1141 domino
789 1098 901 1141 dicto
923 1099 1076 1141 comite
1097 1103 1139 1141 et
1159 1100 1299 1155 priore
1321 1103 1365 1142 et
1385 1100 1643 1156 quibusdam
1667 1100 1887 1144 monachis
1907 1102 1960 1144 de
1983 1101 2122 1145 Nam
2143 1105 2186 1146 et

232 1190 346 1233 dicto
376 1189 588 1232 LEYSANO
618 1191 673 1231 ad
701 1189 781 1232 hoc
808 1189 930 1232 electi
958 1193 1001 1232 et
1031 1205 1171 1233 coram
1195 1191 1396 1246 predictis
1421 1192 1630 1234 nominati
1653 1226 1661 1234 .
1690 1192 1736 1234 in
1760 1193 1887 1248 pleno
1908 1193 2112 1236 comitatu
2132 1194 2186 1237 de

230 1280 416 1324 KEnnm
453 1314 462 1322 .
499 1280 621 1323 nobis
651 1281 944 1324 assistentibus
975 1285 1017 1324 et
1047 1281 1321 1325 audientibus
1354 1316 1362 1325 .
1397 1283 1599 1325 dixerunt
1631 1288 1673 1325 et
1703 1287 2046 1340 recognoverunt
2067 1285 2185 1341 quod

229 1373 343 1416 dicta
363 1376 476 1415 terra
496 1373 549 1415 de
570 1371 894 1415 ENNESGAUEL’
918 1378 1191 1416 consueverat
1212 1374 1349 1416 teneri
1370 1374 1423 1417 de
1440 1374 1627 1417 CRADOK
1648 1375 1702 1418 ab
1722 1375 1752 1418 J
1755 1390 1882 1418 Esrm
1904 1379 1947 1419 et
1960 1375 2186 1420 heredibus

232 1464 319 1507 suis
340 1463 511 1506 deberet
532 1463 669 1506 teneri
690 1463 742 1505 de
763 1463 872 1519 jure.
935 1463 1049 1506 Item
1071 1464 1274 1507 dixerunt
1295 1466 1409 1520 quod
1430 1480 1541 1521 aqua
1562 1481 1644 1521 que
1664 1468 1838 1509 vocatur
1854 1465 1993 1509 NETH
2013 1466 2187 1511 deberet

225 1570 390 1599 currere
430 1555 475 1597 in
512 1555 645 1598 veteri
677 1570 802 1597 cursu
838 1570 912 1597 suo
949 1588 959 1597 .
998 1559 1041 1597 et
1073 1556 1187 1611 quod
1222 1558 1390 1612 ceperat
1417 1570 1578 1599 novum
1613 1571 1782 1600 cursum
1817 1590 1825 1599 .
1854 1560 1896 1599 et
1921 1558 2016 1600 ideo
2045 1557 2183 1601 dictus

232 1645 473 1690 LEYSANUS
507 1646 774 1702 recuperavit
810 1646 1024 1702 seysinam
1052 1646 1164 1689 dicte
1194 1649 1306 1689 terre
1337 1680 1345 1689 .
1384 1651 1426 1690 et
1460 1646 1591 1690 abbas
1624 1651 1667 1690 et
1701 1652 1934 1691 conventus
1969 1649 2022 1692 de
2051 1648 2190 1692 NETH

226 1740 522 1781 remanserunt
547 1738 593 1779 in
623 1737 922 1780 misericordia.
986 1737 1202 1781 Dixerunt
1230 1738 1359 1781 etiam
1389 1740 1503 1795 quod
1528 1739 1705 1782 decente,
1736 1739 1929 1795 ejusdem
1949 1755 2058 1796 aque
2077 1743 2186 1783 esta

225 1828 492 1872 REDECAMB'
509 1829 800 1871 descendendo
829 1843 1047 1884 quousque
1075 1828 1273 1886 e[e]dem
1304 1845 1414 1886 aque
1441 1833 1586 1886 postea
1616 1833 1874 1873 concurrunt
1904 1864 1913 1873 .
1943 1830 2011 1873 Ut
2041 1834 2184 1874 autem

223 1920 426 1976 premissa
446 1920 660 1962 firmitatis
679 1919 809 1962 robur
830 1920 1053 1976 optineant
1075 1955 1083 1963 .
1108 1924 1149 1963 et
1175 1921 1331 1963 veritas
1352 1921 1397 1963 in
1418 1935 1493 1964 suo
1522 1920 1671 1963 robore
1702 1925 1940 1977 perseveret
1963 1955 1971 1964 .
1995 1922 2182 1977 presenti

225 2011 378 2067 scripto
399 2010 569 2053 veritati
589 2011 883 2053 testimonium
903 2010 1174 2066 perhibentes
1198 2045 1206 2053 .
1230 2011 1373 2067 sigilla
1392 2014 1537 2054 nostra
1558 2011 1845 2067 apposuimus.

281 2101 438 2145 Labels
465 2101 532 2144 for
561 2102 747 2143 thirteen
773 2101 879 2143 seals
903 2101 1080 2154 romain,
1112 2101 1190 2144 but
1220 2102 1324 2157 only
1345 2101 1418 2144 the
1446 2101 1670 2158 following
1691 2102 1811 2154 seals,
1833 2102 1947 2159 light
1967 2102 2115 2146 brown
2136 2118 2183 2147 or

232 2192 405 2235 whitish
426 2207 533 2248 grey
554 2207 662 2244 waX‚
684 2207 755 2234 are
775 2191 855 2234 left
871 2207 940 2234 :—

284 2286 322 2327 1.
383 2283 458 2326 An
478 2284 599 2341 eagle
619 2284 767 2339 rising.
829 2283 1012 2340 Legend
1033 2284 1126 2326 lost.

288 2377 327 2418 2.
390 2375 433 2418 A
454 2374 591 2418 shield
612 2375 657 2417 of
678 2390 818 2427 arms3
850 2374 978 2430 barry
1001 2375 1045 2417 of
1076 2375 1154 2417 six.

807 2470 845 2509 ‘.
880 2499 889 2508 .
923 2500 930 2508 .
966 2480 1169 2508 ALTERI.
1205 2480 1303 2507 DE.
1337 2480 1356 2507 s
1388 2497 1572 2508 .....

288 2559 327 2600 5.
390 2557 522 2600 Oval:
554 2557 803 2613 impression
825 2556 870 2600 of
891 2572 946 2599 an
967 2557 1143 2612 antique
1164 2571 1277 2612 gem,
1300 2572 1325 2598 a
1345 2555 1446 2598 hare
1467 2555 1685 2598 couchant.

765 2650 840 2695 ‘-{—
879 2662 898 2689 s
931 2681 939 2689 .
975 2682 983 2689 .
1019 2681 1027 2690 .
1066 2662 1189 2689 noim
1225 2681 1233 2690 .
1266 2662 1324 2689 DE
1357 2679 1367 2690 .
1400 2646 1638 2689 NERBERT.'

266 2740 330 2780 11.
392 2738 436 2780 A
456 2737 593 2780 shield
613 2737 658 2780 of
679 2753 791 2780 arms
809 2753 818 2780 z
852 2738 1030 2794 chequy‚
1055 2754 1079 2781 a
1100 2739 1256 2781 saltire.

940 2831 950 2850 ‘
976 2836 1017 2877 -ὶ-
1055 2844 1074 2871 s
1109 2862 1294 2871 .....
1327 2828 1467 2871 ΒΕΝΡ’

295 2921 452 2957 Compare
473 2918 538 2948 this
560 2918 732 2948 document
756 2919 836 2947 with
859 2919 982 2957 Harley
1005 2918 1141 2948 Charter
1164 2920 1200 2949 75
1215 2928 1241 2956 c,
1256 2920 1304 2956 4‘2,
1328 2919 1424 2948 Carta
1442 2918 1501 2949 No.
1518 2919 1742 2956 DXXXVIL,
1757 2920 1854 2949 dated
1878 2919 1953 2948 lOth
1975 2919 2062 2958 May,
2086 2921 2171 2957 1249,

242 2977 346 3006 which
361 2975 477 3005 relates
493 2978 526 3003 to
542 2974 597 3003 the
611 2983 700 3003 same
714 2979 859 3004 matters.
901 2975 958 3004 See
978 2975 1080 3012 Birch,
1097 2975 1181 3004 Hist.
1198 2975 1239 3011 of
1254 2974 1359 3004 Neam
1382 2974 1494 3013 Abbey,
1511 2984 1540 3012 p.
1557 2975 1603 3004 75.
