2425 3423
341 232 454 275 2142

1023 436 1495 480 MGOOOLXXXIX.

282 563 496 608 GRANT
546 563 634 606 BY
682 561 962 606 EDMUND
1013 561 1261 605 TOOLYE
1311 561 1390 604 OF
1439 561 1484 605 A
1533 561 1692 604 TOFT
1740 561 1877 604 AND
1934 560 2110 605 LAND
2160 561 2234 606 IN

639 660 1020 706 OOWBRIDGE
1062 660 1139 704 ΤΟ
1190 660 1508 705 ΑΝΤΗΟΝῩ
1558 660 1882 705 GRIFFITH.

1138 777 1211 835 [Gr.
1234 777 1286 821 G.
1305 776 1381 834 F]

1455 869 1509 911 17
1539 868 1650 911 DEc.
1715 870 1736 911 1
1769 867 1919 911 JAMES
1949 867 1988 912 I.
2052 868 2177 913 1603.

339 989 487 1032 Sciant
506 990 722 1044 presentes
751 990 794 1030 et
824 987 963 1029 futuri
994 987 1109 1043 quod
1140 1001 1219 1043 ego
1250 985 1511 1028 EDMUNDUS
1543 985 1721 1028 TOOLYE
1753 985 1805 1028 de
1830 984 2169 1027 LANBLETHIAN
2189 985 2236 1027 in

283 1080 488 1123 comitatu
519 1078 884 1122 GLAMORGANCIE
919 1078 1077 1121 tailour
1117 1093 1193 1134 pro
1233 1078 1357 1121 certis
1397 1077 1651 1134 pecuniariis
1692 1075 2100 1120 considerationibus
2140 1076 2240 1119 dedi

280 1171 462 1215 concessi
479 1173 522 1212 et
540 1170 620 1212 hac
635 1169 822 1226 presenti
839 1171 955 1212 carta
970 1184 1065 1211 mea
1081 1169 1328 1211 confirmavi
1343 1169 1591 1210 ANTHomo
1609 1168 1869 1211 GROEFITHE
1887 1168 1940 1210 de
1957 1166 2235 1210 COWBRIDGE

276 1264 322 1305 in
343 1262 548 1305 comitatu
565 1260 928 1304 GLAMORGANCIE
945 1260 1136 1316 predicto
1157 1259 1329 1302 mercer'
1346 1263 1487 1302 totum
1502 1259 1627 1302 illum
1647 1259 1808 1302 toftum
1822 1259 1968 1315 jacens
1989 1262 2032 1301 et
2048 1259 2235 1302 existens

278 1354 393 1397 infra
413 1353 561 1396 villam
582 1353 634 1395 de
656 1352 934 1395 CowssRIDGE
955 1351 1191 1407 predictam
1212 1366 1259 1393 ac
1279 1354 1415 1394 totam
1434 1350 1555 1393 illam
1575 1350 1804 1406 parcellam
1834 1352 1945 1392 terre
1967 1349 2105 1392 eidem
2125 1349 2237 1393 tofto

281 1445 550 1502 adjacentem
585 1444 876 1488 continentem
907 1459 983 1500 per
1018 1443 1332 1486 estimationem
1364 1442 1593 1486 dimidium
1623 1442 1752 1485 unius
1783 1457 1876 1484 acre
1909 1442 1996 1484 sive
2024 1442 2120 1498 plus
2153 1441 2241 1485 sive

278 1536 422 1580 minus
449 1551 546 1578 cum
578 1534 775 1578 omnibus
805 1535 892 1578 suis
919 1533 1090 1591 juribus
1117 1537 1159 1577 et
1188 1534 1471 1590 pertinentiis.
1534 1533 1629 1580 Que
1657 1533 1832 1589 quidem
1859 1532 2064 1588 premissa
2095 1533 2240 1576 omnia

281 1629 426 1684 jacent
446 1626 623 1670 insimul
643 1627 757 1669 inter
777 1626 1051 1669 cemeterium
1070 1625 1231 1669 ibidem
1252 1641 1305 1667 ex
1326 1628 1447 1682 parte
1463 1625 1674 1677 orientali,
1696 1638 1839 1667 muros
1858 1624 1960 1667 ville
1980 1624 2169 1680 predicte
2189 1639 2242 1667 ex

282 1723 403 1776 parte
445 1718 636 1771 australi,
673 1721 715 1760 et
756 1732 888 1760 unam
924 1721 1127 1760 strateam
1177 1717 1335 1759 ibidem
1382 1719 1575 1759 vocatam
1615 1715 1772 1758 Room:
1814 1714 1989 1757 STREET
2030 1730 2083 1758 ex
2123 1718 2244 1772 parte

283 1809 546 1854 occidentali.
610 1808 877 1851 Habendum
898 1810 942 1850 et
961 1808 1197 1850 tenendum
1218 1807 1457 1863 predictum
1476 1806 1637 1849 toftum
1658 1808 1700 1848 et
1721 1807 1951 1862 parcellam
1971 1810 2082 1850 terre
2106 1806 2246 1850 eidem

284 1902 395 1945 tofto
426 1900 697 1957 adjacentem
730 1899 966 1956 predictam
1003 1914 1099 1941 cum
1140 1897 1338 1941 omnibus
1373 1899 1458 1940 suis
1490 1897 1659 1954 juribus
1691 1900 1734 1939 et
1769 1897 2040 1952 pertinentiis
2077 1898 2245 1954 prefato

285 1992 533 2036 ANTHON10
555 1990 819 2034 GRIFFITHE
834 1989 1062 2033 heredibus
1079 1993 1121 2032 et
1143 1990 1369 2046 assignatis
1390 1989 1476 2032 suis
1495 1989 1812 2044 imperpetuum
1829 1990 1884 2031 ad
1905 1989 2126 2045 proprium
2142 2004 2247 2046 opus

287 2087 329 2127 et
362 2099 489 2126 usum
523 2082 657 2138 ipsius
691 2082 931 2124 ANTHONII
969 2081 1175 2124 heredum
1211 2084 1254 2124 et
1288 2081 1602 2137 assignatorum
1638 2094 1812 2122 suorum
1845 2080 2162 2136 imperpetuum
2195 2081 2248 2123 de

288 2174 461 2231 capitali
488 2173 660 2216 domino
688 2173 804 2215 feodi
832 2172 950 2215 illius
974 2187 1050 2228 per
1080 2172 1272 2214 redditus
1303 2175 1345 2214 et
1370 2171 1543 2214 servicia
1567 2171 1667 2213 inde
1697 2171 1817 2227 prius
1847 2170 1992 2214 debita
2013 2174 2056 2214 et
2079 2172 2132 2215 de
2152 2171 2249 2228 jure

291 2269 490 2309 consueta
517 2268 560 2307 et
586 2280 662 2321 per
688 2267 824 2307 metas
849 2267 892 2306 et
915 2263 1110 2307 boundas
1133 2263 1222 2306 illic
1249 2263 1303 2306 ab
1332 2263 1508 2318 antiquo
1529 2263 1735 2305 limitatas
1756 2265 1799 2304 et
1820 2262 2025 2319 cognitas.
2087 2262 2148 2305 Et
2169 2277 2249 2319 ego

293 2372 392 2400 vero
412 2356 628 2413 predictus
650 2355 910 2398 EDMUNDUS
932 2353 1112 2397 Toomffl
1135 2357 1178 2397 et
1197 2354 1372 2397 heredes
1396 2353 1480 2396 mei
1500 2353 1741 2410 predictum
1770 2353 1931 2396 toftum
1953 2356 1996 2396 et
2015 2354 2251 2410 predictam

294 2449 522 2505 parcellam
558 2450 668 2489 terre
705 2461 801 2489 cum
836 2445 1111 2502 pertinenciis
1150 2445 1317 2501 prefato
1357 2444 1606 2487 ANTHONio
1648 2443 1909 2487 GRIFFITHE
1950 2444 2176 2487 heredibus
2210 2447 2253 2488 et

298 2538 524 2596 assignatis
565 2538 651 2581 suis
690 2538 816 2580 modo
852 2539 895 2579 et
935 2537 1074 2580 forma
1107 2536 1308 2592 predictis
1340 2537 1396 2578 ad
1435 2535 1656 2591 proprium
1692 2550 1796 2591 opus
1836 2538 1879 2577 et
1913 2550 2039 2578 usum
2073 2535 2253 2591 predicti

300 2631 540 2673 ANTHONH
556 2628 760 2671 heredum
777 2632 819 2671 et
832 2627 1147 2684 assignatorum
1163 2641 1337 2670 suorum
1350 2631 1496 2669 contra
1513 2641 1658 2669 omnes
1674 2625 1867 2668 homines
1883 2625 2255 2669 warantizabimus

300 2737 347 2764 ac
360 2736 435 2776 per
455 2722 669 2776 presentes
689 2719 1006 2775 imperpetuum
1027 2718 1320 2761 defendemus.

358 2812 475 2854 Dato
501 2811 589 2866 (sic)
616 2810 778 2853 decimo
799 2810 981 2866 septimo
1001 2809 1070 2852 die
1091 2808 1340 2852 Decembris
1360 2824 1473 2852 anno
1498 2808 1624 2865 regni
1644 2808 1808 2851 domini
1835 2807 1969 2850 nostri
1989 2807 2020 2850 J
2022 2822 2149 2850 ACOBI
2170 2807 2255 2851 Dei

303 2902 443 2958 gratia
463 2901 648 2943 ANGLIE
669 2899 826 2943 SooTOE
849 2900 1056 2942 Famem
1079 2906 1122 2943 et
1142 2900 1386 2943 HIBERNIE
1408 2900 1543 2956 Regis
1570 2899 1669 2942 fidei
1694 2898 1928 2941 defensoris
1955 2899 2025 2941 &c
2059 2899 2257 2942 videlicet

307 2994 489 3035 ANGLIE
510 2992 717 3034 FRANCIE
739 2994 782 3034 et
803 2991 1045 3034 HIBERNIE
1068 2991 1204 3047 primo
1225 2995 1268 3035 et
1297 2991 1455 3034 scona
1480 2991 1690 3034 tricesimo
1722 2989 1913 3046 septimo.
1975 2989 2032 3032 In
2053 2990 2176 3046 cujus
2195 2990 2257 3033 rei
