2425 3423
313 264 426 306 2324

256 473 485 527 pepetuam
505 469 779 512 elemosinam
801 502 809 511 .
831 469 884 510 'et
904 467 1098 523 quietum
1128 467 1308 510 clamavi
1337 470 1380 510 et
1409 466 1599 510 relaxavi
1627 466 1818 509 totaliter
1846 465 2162 522 imperpetuum
2194 499 2203 508 .

256 562 371 604 unde
384 576 457 603 xx.
475 564 518 603 et
534 575 636 602 an.
655 559 819 602 denarii
834 559 886 601 de
903 557 1236 600 KILLECULLUM
1254 592 1262 601 .
1278 561 1321 600 et
1341 573 1465 600 XIIIJ.
1480 557 1644 600 denarii
1660 558 1712 599 de
1727 561 1840 599 terra
1857 556 2176 598 GILLEMICHEL
2195 591 2204 599 .

258 667 363 708 quos
383 651 576 694 solebant
594 651 770 692 reddere
786 651 841 691 ad
858 649 1083 704 coquinam
1106 683 1115 691 .
1139 652 1182 691 et
1197 649 1414 692 redditum
1437 682 1445 691 .
1471 663 1561 690 111J.
1585 648 1816 690 solidorum
1838 650 1880 689 et
1897 662 1968 689 11J.
1988 646 2207 690 obolorum

254 758 358 799 quos
379 742 571 785 solebant
592 741 818 784 annuatim
837 740 1013 782 reddere
1034 740 1086 781 de
1107 742 1220 782 terra
1249 739 1278 782 J
1281 754 1481 781 OHANNIS
1513 738 1796 782 TROINGHAM
1822 738 1949 793 juxta
1981 737 2203 780 ΟΑΤΤΕΡῙΤ

256 833 435 890 prefatis
463 832 681 875 monachis
711 832 756 873 in
788 845 940 887 puram
971 834 1014 872 et
1042 836 1293 886 perpetuam
1323 830 1598 872 elemosinam
1630 829 1730 871 dedi
1763 832 1806 872 et
1835 829 2022 871 relaxavi
2052 829 2206 884 imper-

256 930 434 982 petuum
458 959 464 966 .
489 928 531 967 et
553 924 696 967 omnia
717 923 800 965 alia
822 922 1031 964 forinseca
1052 921 1228 963 servicia
1249 922 1303 963 ad
1324 936 1391 963 me
1414 922 1481 962 vel
1511 922 1566 963 ad
1596 920 1770 963 heredes
1801 935 1916 962 meos
1945 920 2206 975 pertinencia

254 1017 455 1074 predictis
501 1014 719 1059 monachis
764 1014 872 1056 sicut
912 1013 1151 1069 predictum
1193 1016 1254 1055 est
1298 1012 1472 1054 omnino
1502 1012 1646 1055 remisi
1676 1012 1992 1068 imperpetuum
2024 1045 2032 1053 .
2065 1014 2205 1067 preter

256 1108 468 1165 prefatam
489 1108 541 1149 de
562 1107 842 1149 LANDGEWY.
905 1104 964 1146 Et
986 1107 1121 1146 totam
1150 1118 1422 1146 communam
1452 1106 1623 1159 pasture
1653 1103 1699 1145 in
1729 1106 1820 1145 toto
1840 1102 2017 1144 marisco
2037 1116 2131 1144 meo
2152 1102 2207 1144 ad

256 1199 559 1243 occidentalem
580 1202 745 1253 partem
768 1196 867 1238 ville
887 1196 940 1238 de
971 1194 1187 1237 KAERDIF
1220 1229 1228 1236 .
1261 1195 1373 1236 inter
1404 1194 1499 1236 ΤΑΕ
1531 1198 1573 1236 et
1603 1193 1730 1235 ELEY
1762 1227 1770 1235 .
1806 1193 2021 1236 concessi.
2044 1195 2087 1235 et
2107 1192 2207 1235 dedi

258 1292 317 1333 eis
337 1292 382 1333 in
403 1294 654 1346 perpetuam
675 1289 949 1330 elemosinam
974 1321 982 1329 .
1006 1287 1223 1328 reddendo
1245 1286 1375 1328 michi
1395 1286 1495 1328 inde
1527 1285 1752 1327 annuatim
1783 1288 1826 1326 et
1855 1284 2081 1326 heredibus
2100 1283 2206 1325 meis

253 1397 330 1438 pro
353 1382 533 1437 singulis
554 1379 763 1437 capitibus
783 1378 1021 1420 averiorum
1043 1391 1215 1419 suorum
1237 1380 1446 1432 quantum
1467 1376 1699 1432 burgenses
1720 1377 1772 1418 de
1795 1375 2010 1418 KAERDIF
2031 1375 2206 1417 reddere

255 1473 447 1516 solebant
468 1488 542 1527 pro
564 1471 745 1527 singulis
766 1469 975 1525 capitibus
997 1483 1169 1510 suorum
1191 1467 1428 1510 averiorum
1449 1467 1494 1508 in
1516 1467 1705 1522 predicto
1736 1466 1912 1508 marisco
1943 1465 2207 1521 pascentium

252 1568 443 1620 tempore
465 1562 716 1606 WILLELMI
739 1560 904 1603 comitis
927 1559 1239 1601 GLOUCESTRIE
1261 1557 1395 1613 patris
1415 1557 1512 1599 mei.

314 1655 409 1697 Hec
432 1654 574 1697 omnia
596 1652 777 1695 concessi
799 1652 957 1694 eisdem
981 1649 1200 1692 monachis
1221 1655 1262 1691 et
1284 1649 1530 1691 confirmavi
1553 1682 1561 1690 .
1590 1651 1651 1702 (nt
1673 1650 1829 1701 supra.)

1122 1849 1337 1893 MDOIV.

255 1962 556 2007 GHARTER
618 1961 696 2004 OF
755 1959 1082 2011 ISABELLA,
1146 1957 1462 2000 OOUNTESS
1522 1956 1600 1999 OF
1662 1954 2082 2006 GLOUOESTER‚
2134 1953 2207 1996 IN

408 2054 544 2096 HER
589 2051 756 2095 FREE
799 2050 1230 2102 WIDOWHOOD,
1266 2047 1598 2092 GRANTING
1630 2047 1764 2090 AND
1813 2043 2215 2090 OONFIRMING

400 2146 476 2188 TO
504 2143 782 2186 MARGAM
809 2142 1038 2193 ABBEY,
1061 2140 1415 2184 NUMEROUS
1443 2138 1621 2182 GIFTS
1653 2138 1787 2180 AND
1810 2135 2203 2180 PRIVILEGES.

969 2249 1198 2306 [MARGAM
1231 2247 1490 2304 CHARTER.]

1793 2336 1839 2378 O.
1875 2335 2176 2379 1216-1219.

342 2453 494 2496 CARTA
537 2451 758 2493 ISABELLE
803 2450 1039 2492 COMITISSE
1086 2463 1134 2490 IN
1179 2462 1344 2490 LIBERA
1391 2460 1635 2488 VIDUITATE
1679 2459 1761 2486 SUA
1812 2458 1869 2485 DE
1921 2457 2120 2485 OMNIBUS

971 2554 1260 2582 TENEMENTIS
1301 2552 1492 2581 NOSTRIS.

315 2653 462 2695 Sciant
492 2666 637 2694 omnes
658 2653 872 2706 presentes
902 2653 944 2691 et
974 2648 1112 2691 futuri
1143 2649 1256 2704 quod
1286 2661 1365 2703 ego
1396 2646 1619 2688 IsABELLA
1650 2642 1862 2685 comitissa
1893 2641 2204 2685 GLOUCESTRIE

252 2744 299 2786 in
320 2743 454 2785 libera
474 2742 684 2783 viduitate
704 2755 799 2782 mea
815 2754 1005 2782 concesse
1026 2742 1069 2781 et
1088 2739 1168 2781 hac
1189 2741 1303 2780 carta
1320 2735 1579 2786 confirmavi,
1601 2736 1654 2789 (et
1671 2738 1801 2775 cetera
1818 2736 1951 2774 omnia
1967 2735 2068 2773 sicut
2084 2747 2207 2784 supra

259 2835 471 2891 (alluding
500 2837 545 2875 to
575 2832 659 2875 No.
692 2831 892 2891 cccxmg.)
925 2833 1042 2872 donec
1064 2833 1248 2872 veniatur
1273 2831 1327 2870 ad
1353 2833 1504 2870 terram
1536 2825 1724 2868 STURMY
1756 2857 1765 2866 .
1798 2826 1867 2865 ubi
1892 2827 1946 2865 sic
1972 2824 2141 2864 habetur
2171 2823 2200 2877 .)

254 2926 316 2968 Et
336 2928 475 2968 totum
496 2924 752 2966 forinsecum
773 2922 996 2964 servicium
1017 2921 1210 2977 ejusdem
1231 2924 1340 2962 terre
1362 2919 1417 2961 ad
1436 2933 1504 2960 me
1517 2917 1585 2959 vel
1601 2917 1655 2958 ad
1668 2915 1843 2958 heredes
1858 2929 1972 2956 meos
1987 2914 2204 2972 pertinens

255 3018 415 3061 eisdem
436 3014 652 3058 monachis
673 3014 865 3069 quietum
886 3012 1067 3055 clamavi
1088 3015 1130 3054 et
1158 3010 1348 3053 relaxavi
1368 3010 1686 3065 imperpetuum
1708 3040 1717 3049 .
1741 3009 1783 3049 et
1804 3005 1903 3048 dedi
1925 3005 1970 3047 in
1991 3021 2142 3062 puram
2163 3008 2205 3049 et
