2425 3423
311 261 423 302 2282

1119 468 1345 512 MDLXI.

253 573 467 617 GRANT
509 575 595 617 BY
631 575 912 627 MORGAN,
951 576 1067 619 SON
1109 576 1187 619 OF
1237 576 1496 630 ORADOG,
1538 576 1615 619 ΤΟ
1656 576 1934 620 MARGAM
1975 579 2203 631 ABBEY,

396 658 474 700 OF
528 658 929 702 ADDITIONAL
981 659 1157 702 LAND
1209 660 1281 703 IN
1331 659 1462 703 THE
1512 659 1735 703 MARSH
1791 659 1891 717 [OF
1932 660 2201 719 AVENE];

394 739 688 793 LHEISON,
740 741 848 784 HIS
908 741 1150 784 ELDEST
1213 742 1344 794 SON,
1399 741 1742 786 SWEARING
1792 742 1868 785 To
1921 742 2204 786 CONFIRM

400 822 530 865 THE
566 823 748 867 SAME.

978 898 1209 955 [MARGAM
1241 898 1499 955 CHARTER‚]

312 1005 523 1048 Omnibus
562 1006 717 1049 Sancte
769 1007 938 1049 ecclesie
989 1007 1088 1050 filiis
1142 1007 1409 1063 presentibus
1462 1011 1503 1049 et
1558 1007 1717 1050 futuris
1769 1008 1844 1063 qui
1884 1008 1993 1051 hanc
2043 1012 2204 1051 cartam

253 1095 517 1151 inspexerint
548 1130 558 1140 .
591 1097 848 1140 MORGANUS
870 1098 982 1140 filius
1005 1097 1201 1140 CRADOCI
1233 1099 1428 1141 salutem.

310 1186 491 1229 Noverit
511 1189 765 1231 universitas
785 1192 924 1231 vestra
954 1204 1021 1231 me
1043 1190 1216 1232 consilio
1238 1192 1280 1231 et
1310 1204 1514 1231 consensu
1536 1190 1722 1232 filiorum
1742 1204 1934 1232 meorum
1962 1190 2208 1233 concessisse

254 1281 296 1320 et
329 1279 493 1321 dedisse
529 1283 571 1322 et
607 1281 790 1336 presenti
821 1284 935 1323 carta
976 1281 1242 1323 confirmasse
1276 1281 1370 1323 Deo
1401 1284 1442 1323 et
1483 1280 1605 1323 beate
1635 1280 1796 1322 MARIE
1828 1284 1869 1323 et
1900 1281 2119 1324 monachis
2156 1283 2209 1324 de

252 1369 457 1412 MARGAN
491 1404 498 1412 .
531 1371 575 1412 in
608 1373 784 1414 marisco
814 1387 907 1414 meo
936 1372 1064 1428 juxta
1094 1375 1251 1414 terram
1272 1386 1402 1427 quam
1432 1371 1548 1427 prius
1570 1371 1669 1413 dedi
1690 1372 1749 1414 eis
1772 1406 1779 1413 .
1804 1372 1912 1414 sicut
1942 1376 2057 1414 carta
2094 1372 2207 1415 inter

253 1476 329 1504 nos
365 1461 478 1504 faeta
513 1467 694 1505 testatur
731 1496 740 1506 .
778 1470 935 1505 terram
970 1463 1090 1505 illam
1126 1478 1206 1518 que
1237 1462 1350 1518 jacet
1385 1463 1423 1504 ei
1458 1462 1653 1518 proxima
1679 1463 1725 1504 in
1758 1466 1878 1518 parte
1913 1463 2165 1506 occidentali
2197 1498 2204 1506 .

255 1554 411 1596 scilicet
447 1569 710 1610 quecumque
742 1555 977 1597 includitur
1011 1555 1124 1597 inter
1156 1554 1391 1610 predictam
1423 1557 1581 1596 terram
1611 1557 1654 1596 et
1684 1553 1891 1596 fossatum
1920 1569 2067 1596 eorum
2095 1556 2209 1610 quod

256 1645 550 1701 circumcingit
600 1661 694 1688 eam
746 1680 754 1688 .
807 1647 920 1701 quod
971 1646 1167 1688 videlicet
1207 1645 1415 1688 fossatum
1459 1644 1609 1700 incipit
1651 1646 1706 1687 ad
1741 1645 1854 1686 viam
1897 1644 2126 1687 MARCHUT
2167 1650 2210 1688 et

255 1737 502 1779 extenditur
532 1737 576 1779 in
607 1737 815 1779 directum
846 1738 900 1779 ad
931 1738 1068 1779 latum
1099 1736 1306 1779 fossatum
1330 1769 1339 1779 .
1362 1739 1404 1778 et
1437 1751 1512 1791 per
1542 1736 1650 1778 illud
1681 1735 1885 1778 fossatum
1915 1737 1970 1778 ad
2000 1736 2207 1779 fossatum

253 1827 447 1870 ORAnom
482 1862 489 1869 .
526 1831 568 1870 et
602 1828 701 1870 inde
737 1828 922 1870 flectitur
957 1843 1031 1883 per
1071 1828 1279 1870 fossatum
1315 1826 1472 1869 Sim-AN
1514 1842 1645 1882 usque
1678 1828 1733 1868 ad
1763 1830 1921 1869 terram
1958 1826 2162 1870 arabilem
2195 1861 2203 1869 .

256 1923 401 1976 postea
432 1935 529 1962 vero
561 1919 778 1962 descendit
808 1934 941 1974 usque
972 1919 1026 1961 ad
1058 1918 1218 1961 PULTH
1250 1918 1383 1960 YUOR
1415 1952 1424 1961 .
1457 1918 1502 1960 id
1523 1921 1585 1960 est
1615 1918 1670 1959 ad
1691 1918 1847 1959 divisas
1868 1921 1978 1961 terre
2007 1919 2207 1974 predicte.

257 2011 386 2053 Hanc
402 2011 536 2068 igitur
549 2013 684 2053 totam
696 2014 852 2052 terram
866 2010 1048 2052 concessi
1065 2014 1106 2052 et
1123 2010 1221 2052 dedi
1244 2009 1420 2065 prefatis
1441 2008 1658 2051 monachis
1673 2008 1719 2050 in
1735 2023 1888 2063 puram
1904 2012 1945 2051 et
1961 2014 2210 2064 perpetuam

258 2102 532 2145 elemosinam
556 2136 563 2144 .
588 2104 636 2144 ut
656 2101 842 2144 habeant
864 2106 906 2143 et
926 2101 1171 2156 possideant
1192 2115 1286 2143 eam
1307 2100 1486 2142 liberam
1515 2104 1557 2141 et
1588 2099 1777 2154 quietam
1807 2099 1861 2141 ab
1892 2100 2010 2142 omni
2040 2101 2211 2144 servitio

260 2193 437 2236 seculari
461 2226 469 2234 .
493 2193 711 2235 exactione
733 2197 775 2234 et
801 2192 1105 2235 consuetudine
1139 2227 1146 2234 .
1181 2192 1288 2234 sieut
1319 2192 1408 2233 ulla
1438 2190 1666 2233 elemosina
1695 2190 1832 2233 teneri
1862 2191 1993 2246 possit
2024 2191 2210 2234 liberius.

263 2285 323 2327 Et
352 2285 429 2326 hec
460 2288 572 2326 terra
603 2283 733 2339 priori
763 2287 872 2325 terre
903 2282 1169 2339 adjungetur
1200 2285 1241 2325 et
1284 2281 1362 2324 sub
1393 2282 1539 2324 eodem
1583 2296 1710 2323 censu
1752 2281 2078 2337 computabitur.
2152 2282 2213 2325 Et

261 2376 478 2419 sciendum
528 2375 643 2430 quod
688 2374 800 2416 filius
845 2389 964 2416 meus
1012 2373 1322 2429 primogenitus
1372 2372 1578 2414 LHmsoN
1631 2386 1756 2427 super
1816 2387 1952 2414 sacras
2011 2373 2211 2428 reliquias

263 2466 509 2509 monasterii
529 2467 581 2508 de
603 2465 806 2508 MARGAN
832 2500 839 2507 .
863 2465 1024 2521 juravit
1050 2500 1056 2507 .
1088 2466 1202 2520 quod
1233 2464 1423 2506 dimittet
1453 2467 1611 2505 terram
1641 2463 1761 2505 illam
1791 2463 1968 2518 prefatis
1998 2465 2214 2507 monachis

266 2558 354 2599 sine
375 2557 588 2599 calumnia
609 2560 651 2598 et
673 2556 895 2598 vexatione
915 2556 961 2598 in
982 2559 1248 2611 perpetuum.
1310 2554 1371 2596 Et
1393 2553 1763 2596 warantizabimus
1779 2569 1872 2596 eam
1903 2562 2049 2597 contra
2069 2571 2214 2599 omnes

271 2649 476 2691 homines.

330 2739 432 2781 Hiis
462 2738 640 2781 testibus
659 2772 666 2780 .
686 2737 945 2781 WILLELMO
974 2739 1025 2780 de
1047 2736 1319 2779 PUNcHARD'
1353 2735 1559 2778 monacho
1581 2768 1590 2777 .
1613 2735 1640 2778 J
1646 2749 1823 2777 ORDANO
1845 2769 1853 2776 .
1878 2742 1919 2778 et
1941 2735 2185 2780 CNAITHUR
2208 2772 2215 2780 .

271 2834 313 2872 et
334 2830 573 2872 Ronanus
594 2829 787 2871 PULMOR
807 2828 1016 2871 conversis
1038 2829 1088 2870 de
1110 2828 1316 2870 MARGAN
1348 2861 1355 2869 .
1389 2826 1623 2869 MAUmcm
1654 2825 1883 2881 presbitero
1917 2861 1924 2869 .
1959 2827 2214 2871 HERBERTO

270 2921 357 2963 filio
380 2920 610 2961 PALMARH
635 2954 642 2960 .
667 2919 821 2961 DAVID
843 2919 1052 2960 Pmmssn
1076 2951 1085 2960 .
1110 2922 1151 2959 et
1174 2917 1385 2959 Rommo
1407 2917 1494 2959 filio
1517 2916 1748 2958 PALMARH
1772 2949 1779 2957 .
1804 2920 1845 2958 et
1867 2917 2014 2960 multis
2043 2919 2151 2962 aliis.

330 3011 625 3053 Endorsed—‘
643 3009 880 3065 Morganus
903 3042 911 3050 .
937 3010 989 3051 de
1010 3023 1127 3050 mora
1149 3009 1200 3050 de
1222 3007 1403 3049 Auene'
