2425 3423
1962 274 2076 315 2347

180 480 334 523 solidos
364 512 373 522 .
407 483 450 522 et
479 486 599 522 111J01·
625 478 830 521 denarios.
903 478 964 520 Et
994 477 1029 520 si
1056 478 1167 520 forte
1195 493 1271 520 nos
1302 479 1368 521 vel
1396 478 1571 521 heredes
1602 479 1736 521 nostri
1763 479 1905 535 aliquo
1938 483 2128 535 tempore

177 571 450 613 warantizare
472 585 560 612 non
580 585 800 625 possumus
821 569 983 611 dietum
1011 572 1183 624 pratum
1204 603 1212 611 .
1237 569 1360 611 dietis
1391 569 1621 622 monachis,
1653 573 1756 612 tuno
1786 570 1995 613 solvemus
2015 585 2092 612 nos
2114 603 2125 614 .

176 662 244 704 vel
262 661 436 704 heredes
464 662 599 703 nostri
630 661 797 715 integre
824 659 1066 715 quindecim
1091 660 1246 702 solidos
1273 693 1283 702 .
1313 660 1438 702 dietis
1466 660 1682 703 monachis
1716 695 1724 703 .
1759 661 1814 703 ad
1841 661 2132 717 supradictum

173 752 406 794 terminum
435 785 443 794 .
474 750 546 793 Ita
576 751 771 792 videlieet
798 751 912 806 quod
946 750 1284 806 quandocunque
1311 754 1424 792 terra
1448 751 1584 793 divisa
1611 751 1742 793 fuerit
1774 751 1886 794 inter
1916 766 1992 794 nos
2019 785 2028 794 .
2059 752 2127 794 vel

172 842 346 884 heredes
366 844 531 884 nostros
553 875 562 883 .
588 841 876 896 unusquisque
897 840 1166 896 respondebit
1185 855 1262 896 pro
1292 841 1486 897 portione
1517 856 1593 883 sua
1624 843 1857 884 seeundum
1887 842 2125 897 portionem

171 936 281 975 terre
301 947 430 988 quam
451 931 635 974 habebit.
697 931 756 974 Et
772 947 896 987 super
911 934 1174 973 sacrosancta
1189 931 1428 987 juravimus
1443 965 1452 974 .
1470 935 1512 974 et
1530 933 1884 975 christianitatem
1900 936 2089 976 nostram
2111 967 2121 975 .

173 1027 215 1066 et
247 1027 356 1065 terre
388 1025 530 1065 nostre
560 1022 607 1064 in
643 1022 837 1077 plegium
869 1021 1084 1077 posuimus
1118 1055 1126 1062 .
1164 1023 1279 1077 quod
1311 1022 1387 1064 heo
1422 1023 1566 1065 omnia
1601 1024 1785 1066 fideliter
1821 1027 1863 1066 et
1898 1024 1989 1066 sine
2025 1024 2122 1066 dolo

172 1114 432 1157 servabimus
451 1113 498 1155 in
519 1117 772 1168 perpetuum
794 1145 802 1154 .
827 1116 869 1154 et
890 1115 1036 1154 eontra
1071 1127 1215 1155 omnes
1244 1113 1436 1155 homines
1466 1113 1835 1156 warantizabimus
1865 1117 1907 1156 et
1937 1115 2123 1157 maxime

174 1208 320 1247 eontra
335 1204 488 1246 fratres
504 1206 668 1246 nostros
684 1204 735 1245 de
752 1203 897 1245 BASTo
915 1236 924 1245 .
943 1203 1473 1246 videlieetKANA1THURE
1495 1204 1623 1247 COGH
1644 1208 1686 1247 et
1706 1204 1916 1247 LEULlNo
1935 1239 1943 1247 .
1967 1204 2103 1247 Mon„

231 1294 334 1338 Hiis
367 1294 546 1337 testibus
579 1328 587 1336 .
621 1294 824 1349 magistro
853 1294 1108 1336 RADULPHO
1140 1294 1319 1336 MAlLoc
1353 1329 1361 1337 .
1397 1295 1636 1338 NlcnoLAo
1663 1297 1821 1339 deoano
1848 1330 1856 1338 .
1888 1295 2125 1339 Grnmomo

171 1386 388 1441 capellano
411 1419 419 1426 .
446 1384 654 1427 RICARno
675 1384 822 1426 elerico
847 1385 899 1426 de
920 1384 1149 1427 KENEFEG
1177 1419 1184 1427 .
1219 1385 1451 1429 WALTERO
1471 1386 1629 1429 LUVEL
1652 1421 1661 1429 .
1685 1387 1872 1429 ROGERO
1894 1386 2087 1430 GRAMUS
2114 1420 2123 1430 .

173 1475 432 1520 WILLELMO
455 1476 506 1517 de
529 1475 732 1518 CORNELI
756 1508 764 1517 .
792 1474 1021 1517 MORGANo
1045 1475 1157 1518 ΚΑΜ
1190 1510 1198 1518 .
1232 1476 1457 1518 PHILIPPO
1487 1478 1539 1519 de
1570 1477 1731 1520 HALEs
1763 1511 1772 1520 .
1806 1477 2039 1522 WALTERO
2070 1479 2123 1521 de

171 1565 476 1609 HAUERFORD'
518 1598 526 1607 .
573 1564 831 1609 WILLELMO
871 1567 923 1608 de
965 1565 1149 1608 KARDIF
1192 1601 1200 1609 .
1243 1568 1461 1610 monachis
1503 1602 1510 1610 .
1562 1567 1714 1611 Fratre
1770 1569 2060 1612 GILLEBERTO
2110 1603 2119 1612 .

174 1657 384 1701 Rmmmo
406 1656 551 1699 Espns
575 1689 583 1698 .
608 1656 817 1698 conversis
839 1657 891 1698 de
912 1657 1118 1699 MARGAN
1139 1691 1150 1700 .
1173 1661 1215 1700 et
1235 1658 1381 1701 multis
1401 1659 1507 1701 aliis.

231 1748 371 1791 Three
393 1748 513 1799 seals,
538 1762 668 1803 green
692 1762 843 1789 wax—

227 1842 264 1882 1.
326 1839 370 1882 A
389 1843 545 1882 rosette
565 1854 612 1881 as
632 1840 677 1881 in
699 1838 783 1882 No.
808 1854 986 1881 Dxxvn.
1009 1839 1077 1882 for
1098 1839 1197 1882 Res.

231 1924 271 1965 2.
331 1922 376 1964 A
395 1924 563 1964 rosette.

662 2008 670 2027 ‘
691 2011 733 2053 -{-
772 2005 930 2046 SIGILL’
955 2038 963 2046 .
989 2019 1140 2047 OWENI
1159 2039 1168 2048 .
1192 2020 1305 2048 FILII
1328 2039 1336 2048 .
1360 2007 1642 2049 ALAITHUR1.'

230 2090 269 2131 3.
330 2088 374 2131 A
396 2092 551 2131 rosette
571 2103 617 2130 as
637 2088 682 2130 in
704 2087 788 2130 No.
812 2103 987 2130 Dxxvn.
1010 2088 1078 2130 for
1100 2088 1273 2132 Oradoo.

684 2170 763 2199 This
779 2171 857 2200 deed
875 2170 991 2199 should
1007 2171 1046 2199 be
1064 2171 1234 2209 compared
1250 2171 1330 2200 with
1346 2171 1408 2201 No.
1424 2171 1604 2201 DXXVH.

1023 2328 1268 2371 MDOXX.

164 2418 442 2464 VERDIGT
485 2418 564 2461 OF
603 2418 647 2461 A
687 2418 857 2461 JURY
900 2418 974 2461 IN
1015 2418 1145 2461 THE
1187 2419 1387 2462 OAUSE
1428 2420 1507 2462 OF
1558 2419 1688 2462 THE
1728 2420 1935 2464 ABBOT
1979 2422 2113 2465 AND

310 2501 604 2546 OONVENT
646 2500 724 2543 OF
776 2501 1003 2544 NEATH
1051 2502 1186 2545 AND
1228 2502 1492 2555 LEYSAN,
1533 2502 1649 2545 SON
1699 2502 1777 2545 OF
1827 2503 2110 2558 MORGAN,

308 2583 720 2627 OONOERNING
771 2583 903 2626 THE
954 2584 1132 2627 LAND
1184 2585 1262 2627 OF
1300 2584 1752 2637 ENNESGAVEL',
1793 2586 1927 2629 AND
1978 2587 2109 2631 THE

304 2666 456 2711 NEW
498 2666 633 2709 AND
675 2666 798 2709 OLD
843 2666 1084 2709 OOURSE
1126 2667 1204 2710 OF
1243 2667 1374 2710 THE
1412 2666 1590 2709 NETH
1632 2667 1842 2711 RIVER.

878 2757 1109 2814 [MARGAM
1142 2757 1397 2814 CHARTER]
1922 2819 2032 2860 1249

214 2906 440 2948 Universis
464 2906 654 2948 CHRISTI
675 2905 871 2948 fidelibus
891 2907 947 2949 ad
968 2922 1072 2962 quos
1091 2921 1263 2963 presens
1293 2907 1496 2962 seriptum
1525 2907 1765 2962 pervenerit
1787 2942 1795 2950 .
1820 2908 2105 2953 WILLELMUS

156 2998 208 3039 de
249 2996 457 3038 REme
499 3027 509 3038 .
554 2995 815 3039 WALTERUS
855 2997 907 3038 de
949 2995 1102 3038 Sum]
1141 3030 1150 3038 .
1194 2995 1481 3039 GILEBERTUS
1520 2998 1573 3040 de
1613 2997 1865 3040 HUMFRON'
1908 3033 1916 3041 .
1960 3000 2101 3043 ADAM

160 3087 432 3130 WALLENSIS
454 3119 464 3129 .
499 3086 731 3129 RICARDUS
760 3086 999 3129 P1N0ERNA
1032 3121 1040 3130 .
1075 3087 1358 3131 WILLELMUS
1389 3087 1705 3130 FLANDRENSIS
1738 3123 1746 3131 .
1781 3088 2020 3132 ROBERTUS
2051 3093 2103 3134 de
