2425 3423
1888 238 2001 280 2145

107 442 306 485 diocesim
321 441 572 498 degentium
592 444 635 484 et
655 441 1011 484 commorantium
1027 445 1117 484 tam
1133 444 1274 499 quoad
1293 443 1364 500 jus
1385 447 1428 486 et
1446 444 1624 488 titulum
1639 446 1831 488 omnium
1852 448 1894 488 et
1909 446 2055 501 singu-

107 533 245 575 larum
274 533 549 575 rectoriarum
581 531 970 588 impropriatarum‚
1013 548 1143 589 quam
1183 534 1346 577 valores
1388 550 1485 578 suas
1521 536 1740 589 annuales,
1781 540 1824 578 et
1863 537 2056 578 omnium

105 624 358 666 vicariarum
374 626 416 666 et
431 623 740 679 stipendiorum
756 626 999 667 curatorum
1015 624 1226 668 dictarum
1242 626 1516 670 rectoriarum
1531 627 1907 684 impropriatarum
1918 643 2056 684 nuper

104 714 356 770 recepimus:
379 714 600 757 Noveritis
615 729 692 757 nos
707 715 949 771 episcopum
964 716 1227 758 antedictum
1242 717 1369 773 juxta
1384 720 1575 760 tenorem
1591 718 1802 761 dictarum
1817 723 2054 761 vestrarum

99 807 340 849 litterarum
366 809 409 848 et
432 808 728 848 contentorum
751 806 798 848 in
825 806 984 849 eisdem
1012 806 1066 849 ab
1094 807 1291 850 omnibus
1319 808 1486 850 vicariis
1514 813 1558 851 et
1582 810 1739 852 curatis
1758 810 1873 852 infra
1893 810 2053 852 dictam

107 900 296 940 nostram
316 896 515 939 diocesim
535 895 790 952 degentibus
810 896 1091 953 inquisivisse,
1113 901 1156 940 et
1176 912 1322 941 eorum
1341 900 1572 955 respective
1597 916 1797 957 responsa
1816 901 1863 943 in
1890 901 2057 957 scriptis

107 987 220 1030 facta
234 987 448 1042 recepisse.
511 985 607 1033 Que
621 987 852 1043 respective
871 1002 1071 1044 responsa
1091 989 1137 1031 in
1152 989 1236 1032 hiis
1256 990 1395 1046 papiri
1415 991 1573 1034 sedulis
1592 992 1859 1048 presentibus
1877 992 2056 1035 annexis

107 1079 276 1121 redacta
324 1080 461 1120 vestre
508 1078 856 1121 reverendissime
905 1079 1155 1134 paternitati
1205 1081 1484 1124 certificamus
1522 1085 1566 1124 et
1604 1083 1935 1126 transmittimus
1983 1098 2058 1139 per

108 1171 345 1225 presentes:
406 1168 463 1210 In
499 1168 619 1224 cujus
648 1169 710 1211 rei
740 1169 1033 1213 testimonium
1073 1171 1265 1226 sigillum
1304 1176 1497 1215 nostrum
1528 1173 1762 1230 episcopale
1791 1174 2058 1230 presentibus

108 1259 265 1316 apponi
284 1259 461 1301 fecimus
483 1262 526 1301 et
545 1259 854 1301 mandavimus.

166 1350 330 1392 Datum
351 1349 513 1392 decimo
541 1353 688 1392 octavo
711 1350 780 1392 die
810 1351 967 1393 mensis
998 1350 1245 1393 Decembris
1274 1366 1387 1394 anno
1418 1353 1581 1395 domini
1609 1353 1737 1409 juxta
1767 1369 1936 1397 cursum
1970 1354 2056 1411 [et]

109 1440 470 1496 computacionem
510 1440 680 1482 ecclesie
719 1439 993 1482 ANGLICANE
1040 1441 1266 1484 millesimo
1314 1443 1616 1487 sexcentesimo
1655 1444 1795 1497 tertio,
1836 1447 1879 1488 et
1917 1449 2060 1488 nostre

110 1531 432 1574 consecrationis
452 1546 565 1573 anno
587 1531 726 1574 tertio.

1276 1623 1474 1681 (Signed)
1597 1626 1678 1669 FR.
1712 1626 2000 1670 LANDAVEN'.

690 1746 1491 1758 ···················

759 1803 862 1845 THE
892 1803 1058 1846 DIOCES
1086 1818 1140 1846 OF
1170 1804 1406 1848 LANDAFF.

563 1893 866 1937 GLAMORGAN'
899 1893 1168 1938 COMITATUS.
1345 1896 1606 1941 VICARIGES.

108 1988 310 2030 CARDIFF
351 1986 429 2029 vic'
472 1986 534 2030 St.
578 1986 607 2029 J
610 1985 742 2028 onn's
783 1987 869 2028 and
909 1985 972 2029 St.
1015 1986 1211 2030 MARIES.
1286 1987 1378 2031 The
1418 1989 1743 2046 impropriation
1784 1991 1820 2033 is
1860 1991 1962 2035 held
2001 1993 2061 2049 by

221 2079 452 2121 ANTHONY
473 2077 729 2119 MAUNSELL
751 2077 929 2132 esquier,
951 2077 1034 2119 val'
1057 2092 1132 2133 per
1147 2093 1310 2121 annum
1330 2079 1383 2121 οη·
1404 2079 1485 2122 val’
1507 2080 1587 2123 vic'
1608 2096 1684 2137 per
1704 2097 1868 2125 annum
1888 2085 1980 2126 XXn.

106 2167 406 2212 LAN'rfflssmz'
426 2167 505 2210 vic’
523 2182 620 2210 cum
636 2167 808 2223 capellis
823 2168 876 2209 de
893 2167 1257 2211 RUSTRODVODUG
1273 2168 1496 2212 LANTWIT
1512 2171 1768 2215 VAYRDREA
1781 2173 2060 2218 ABERDAIER

222 2266 264 2302 et
279 2260 561 2302 LANWoNNo.
614 2258 706 2301 The
722 2258 1049 2314 impropriation
1068 2259 1105 2301 is
1120 2259 1220 2302 held
1240 2259 1300 2316 by
1320 2260 1394 2304 the
1414 2276 1528 2304 same
1549 2262 1782 2306 ANTHONY
1802 2264 2058 2309 MAUNSELL

220 2352 397 2407 esquier,
431 2350 567 2392 under
599 2349 672 2392 the
707 2348 894 2404 Chapter
926 2349 972 2391 of
1003 2349 1309 2403 GLOUCESTER‚
1346 2351 1430 2394 val'
1463 2367 1538 2408 per
1572 2368 1736 2396 annum
1770 2355 1823 2396 cli·
1856 2356 1936 2398 vic’
1972 2357 2057 2399 val'

222 2442 278 2484 12¹³·
295 2457 371 2498 per
391 2455 566 2483 annum.

103 2533 381 2576 PENDOYLAN
397 2531 566 2574 vicaria.
615 2529 707 2572 The
722 2530 1046 2586 impropriation
1061 2531 1097 2573 is
1109 2530 1210 2573 held
1222 2531 1281 2587 by
1297 2532 1531 2576 NICHOLAS
1544 2534 1763 2577 MORGAN'
1778 2539 1894 2592 gent.
1917 2539 2056 2581 under

217 2624 290 2666 the
324 2622 510 2678 Chapter
543 2620 588 2663 of
627 2620 864 2673 mew,
905 2620 989 2662 val'
1026 2636 1102 2676 per
1141 2637 1304 2665 annum
1345 2624 1519 2666 xxnmff·
1555 2625 1634 2667 vic'
1668 2625 1751 2667 val'
1784 2627 1908 2669 xxvfi·
1942 2637 2055 2672 xuss-

221 2714 325 2756 111J⁴¹·

105 2807 366 2849 PENMARKE
405 2804 576 2847 vicaria.
650 2803 743 2846 The
775 2803 1099 2860 impropriation
1139 2805 1176 2848 is
1215 2805 1317 2848 held
1355 2806 1415 2862 by
1454 2806 1527 2848 the
1572 2807 1781 2850 aforesaid
1820 2810 2052 2854 ANTHONY

218 2896 484 2947 MAUNsELL‚
505 2895 642 2937 under
662 2894 735 2937 the
757 2893 943 2950 Chapter
963 2895 1010 2938 of
1040 2895 1344 2950 GLOUCESTER,
1365 2897 1450 2939 val'
1471 2913 1546 2953 per
1564 2913 1727 2941 annum
1748 2901 1839 2942 xxm.
1863 2902 1947 2944 val'
1970 2903 2050 2946 vic’

218 2987 309 3029 xxli.

310 3127 400 3160 11T
