2425 3423
358 289 472 331 2296

1136 605 1426 649 MDLXXV.

301 718 517 764 GRANT
577 717 664 762 BY
724 714 921 760 KEDIG
982 714 1117 758 AND
1177 712 1439 765 MEOEHU,
1501 710 1650 754 SONS
1711 710 1789 753 OF
1849 708 2109 761 MEILER,
2170 707 2247 750 TO

447 807 725 853 MARGAM
782 805 1012 859 ABBEY,
1069 805 1148 848 OF
1200 803 1377 847 LAND
1433 802 1507 845 IN
1563 801 1783 846 AVENE
1838 799 2074 852 MARSH‚
2130 798 2255 842 FOR

451 899 661 944 FORTY
701 897 910 941 PENOE
952 895 1217 940 YEARLY
1260 893 1444 938 RENT.

1027 1004 1260 1061 [MARGAM
1293 1003 1548 1055 CHARTER]

1821 1074 1940 1116 13T11
1973 1073 2202 1116 CENTURY.

366 1193 512 1236 Sciant
533 1207 680 1236 omnes
700 1194 791 1234 tam
812 1193 1028 1246 presentes
1049 1202 1178 1244 quam
1194 1186 1332 1228 futuri
1352 1185 1462 1226 hanc
1479 1187 1639 1227 cartam
1656 1183 1788 1226 visuri
1811 1216 1820 1225 .
1846 1183 1959 1239 quod
1984 1197 2064 1238 ego
2081 1181 2232 1226 KEmc
2254 1216 2263 1225 .

307 1290 350 1329 et
371 1300 449 1342 ego
477 1284 665 1327 Mnmzlc
692 1283 772 1326 filii
804 1281 994 1324 MEILER
1027 1313 1035 1322 .
1068 1278 1348 1321 concessimus
1368 1280 1411 1318 et
1439 1275 1635 1318 dedimus
1657 1309 1665 1317 .
1690 1281 1733 1317 et
1753 1274 1833 1317 hac
1854 1278 1972 1317 carta
1994 1277 2145 1318 nostra
2167 1289 2265 1318 con-

306 1376 570 1419 firmavimus
603 1408 611 1417 .
639 1375 734 1417 Deo
763 1379 805 1416 et
833 1373 886 1415 B.
922 1370 984 1414 M.
1020 1371 1072 1413 de
1106 1369 1310 1411 MARGAN
1342 1401 1349 1409 .
1381 1371 1424 1410 et
1458 1381 1514 1409 m.
1546 1366 1573 1408 i.
1608 1365 1663 1408 D.
1697 1381 1728 1408 s.
1760 1380 1966 1408 consensu
1991 1365 2264 1408 dominorum

311 1472 554 1511 nostrorum
585 1466 760 1509 LEISAN
797 1463 995 1507 videficet
1034 1465 1076 1503 et
1117 1461 1280 1503 Owfflx
1325 1494 1332 1502 .
1376 1459 1422 1501 in
1458 1462 1708 1513 perpetuam
1746 1457 2024 1499 elemosinam
2068 1457 2272 1512 quicquid

310 1560 538 1602 habuimus
557 1559 604 1600 in
625 1557 801 1600 marisco
823 1557 876 1598 de
896 1555 1065 1597 AUENE
1096 1558 1235 1608 preter
1267 1557 1422 1593 terram
1453 1549 1657 1591 arabilem
1690 1581 1699 1590 .
1733 1548 1891 1590 scilicet
1920 1551 2062 1591 totum
2092 1552 2269 1604 pratum

312 1659 506 1694 nostrum
538 1663 635 1692 cum
660 1647 837 1690 marisco
868 1646 923 1688 ad
953 1645 1063 1687 illud
1093 1643 1334 1699 pertinente
1369 1674 1377 1683 .
1411 1644 1453 1683 et
1483 1643 1655 1695 pratum
1685 1640 1800 1694 quod
1831 1638 1916 1681 fuit
1951 1638 2131 1681 omum
2159 1640 2274 1694 quod

312 1758 388 1786 nos
423 1742 520 1799 jure
551 1739 807 1783 hereditario
841 1736 1054 1792 contingit
1089 1769 1096 1777 .
1134 1735 1187 1776 ad
1223 1733 1510 1775 claudendum
1544 1730 1702 1773 fossato
1734 1731 1769 1772 si
1811 1730 2013 1786 predictis
2055 1730 2273 1773 monachis

313 1833 520 1891 placuerit
558 1865 566 1874 .
602 1830 819 1874 reddendo
857 1827 978 1871 nobis
1011 1826 1234 1869 annuatim
1271 1859 1278 1866 .
1314 1830 1398 1865 xist-
1426 1822 1620 1865 denarios
1653 1836 1728 1877 pro
1763 1821 1891 1864 omni
1930 1821 2104 1864 servicio
2139 1855 2147 1863 .
2179 1836 2275 1864 con-

320 1925 545 1969 suetudine
576 1957 584 1965 .
612 1927 653 1965 et
684 1920 861 1964 seculari
896 1919 1127 1961 exactione.
1190 1916 1249 1958 Et
1282 1915 1391 1957 hanc
1426 1914 1704 1956 donacionem
1738 1911 2116 1954 warantizabimus
2142 1912 2202 1955 eis
2230 1915 2281 1954 ut

319 2016 592 2060 elemosinam
632 2017 821 2056 nostram
863 2015 1009 2053 contra
1049 2023 1193 2051 omnes
1234 2007 1426 2049 homines
1468 2038 1475 2046 .
1519 2005 1579 2047 ita
1620 2011 1668 2046 ut
1708 2004 1871 2046 faciant
1906 2004 1958 2045 de
1993 2017 2043 2045 ea
2075 2003 2183 2045 sicut
2222 2003 2275 2045 de

325 2108 554 2151 elemosina
587 2121 674 2148 sua.

384 2199 488 2242 Hiis
527 2196 706 2240 testibus
747 2229 756 2238 .
801 2194 958 2237 HELIA
1006 2197 1109 2234 tunc
1149 2191 1286 2246 priore
1342 2222 1349 2230 .
1393 2188 1608 2230 HEcho
1666 2221 1673 2228 .
1731 2186 1942 2229 JORDANO
2001 2185 2218 2228 monachis
2272 2219 2280 2227 .

326 2291 539 2334 Ronssmo
576 2288 768 2330 PULMOR
809 2319 818 2328 .
862 2285 1052 2327 Jnsrmo
1095 2316 1102 2324 .
1142 2281 1414 2323 CNAITHURO
1463 2279 1621 2321 Bacca
1664 2311 1672 2320 .
1717 2276 1960 2320 STEPHANO
2013 2311 2021 2318 .
2077 2277 2280 2320 GRAnoco

329 2382 543 2425 conversis
564 2381 616 2421 de
636 2379 841 2421 MARGAN
866 2410 874 2419 .
900 2376 1063 2418 mex
1085 2374 1172 2416 filio
1196 2372 1414 2414 MORGANI
1439 2404 1447 2412 .
1472 2370 1700 2413 GRIFFINO
1721 2369 1808 2411 filio
1831 2367 2024 2411 GNArrH'
2055 2401 2064 2410 .
2096 2367 2284 2411 MAnoco

329 2478 371 2516 et
403 2473 538 2515 ENER
568 2470 772 2512 fratribus
802 2468 896 2524 ejus
928 2501 936 2509 .
971 2466 1166 2508 LUARCH
1199 2464 1286 2505 filio
1318 2462 1605 2504 Knxnwamc
1638 2494 1646 2502 .
1683 2460 1801 2502 REso
1832 2459 1920 2501 filio
1952 2460 2066 2500 OELI
2099 2493 2106 2501 .
2136 2457 2284 2501 SEISIL

339 2565 426 2607 filio
449 2564 604 2606 DAvn)
629 2594 637 2603 .
664 2560 787 2603 OELO
808 2559 896 2602 filio
920 2558 1045 2600 RESI.

399 2656 490 2698 One
513 2654 598 2697 seal
619 2652 802 2696 remains
824 2651 868 2693 of
898 2658 996 2701 two,
1018 2649 1092 2690 red
1113 2662 1220 2697 wax,
1244 2661 1299 2687 an
1321 2644 1589 2687 ornamental
1611 2646 1697 2684 star
1718 2656 1764 2684 or
1785 2645 1952 2683 rosette.

898 2746 907 2764 ⁴
931 2748 972 2789 -ι-
1010 2755 1078 2782 sm
1098 2771 1275 2782 ......
1301 2752 1342 2779 IC
1366 2771 1374 2777 .
1397 2750 1509 2778 F1L11
1534 2768 1542 2776 .
1567 2732 1788 2776 MEILER1.’

409 2834 858 2880 Endorsed—‘Kedic
894 2837 936 2874 et
974 2831 1138 2872 Mem-ic
1172 2829 1249 2870 filii
1290 2827 1460 2868 Meileri
1489 2827 1542 2867 de
1577 2824 1700 2866 terris
1733 2830 1773 2866 et
1804 2823 1938 2879 pratis
1965 2823 2010 2865 in
2039 2823 2215 2865 marisco
2245 2823 2297 2865 de

351 2929 493 2974 Auen'
520 2962 527 2969 .
551 2942 628 2983 pro
648 2927 706 2968 xl.
730 2924 914 2967 denariis
935 2922 1158 2964 annuatim
1180 2921 1234 2962 ad
1256 2917 1448 2960 Pascha.>
