2425 3423
1969 287 2081 328 2323

1055 486 1280 531 MDOIII.

184 591 487 637 CHARTER,
547 593 625 636 OF
681 593 1008 646 ISABELLA,
1069 593 1384 638 OOUNTESS
1443 596 1520 639 OF
1579 596 1998 653 GLOUOESTER,
2053 601 2127 645 IN

331 684 467 727 ΗΕΒ,
514 684 680 728 FREE
725 684 1150 737 WIDOWHOOD,
1187 685 1521 730 GRANTING
1558 687 1694 731 AND
1729 688 2130 735 OONFIRMING

329 774 684 818 NUMEROUS
723 774 1115 818 POSSESSIONS
1148 775 1283 819 AND
1327 776 1704 822 PRIVILEGES
1740 779 1817 822 TO
1851 780 2128 825 MARGAM

332 866 560 909 ABBEY.

897 940 1127 997 [MARGAM
1160 942 1418 999 CHARTER.]

1696 1018 1742 1061 O.
1777 1019 2073 1064 1216—1219.

187 1121 341 1165 CARTA
372 1121 594 1164 ISABELLE
626 1121 862 1164 OOM1T1ssn
893 1136 942 1164 IN
975 1138 1140 1165 LIBERA
1172 1138 1418 1167 VIDUITATE
1456 1139 1538 1167 SUA
1570 1139 1628 1167 DE
1668 1140 1829 1168 TERRIS
1863 1141 1974 1172 QUAS
2004 1142 2133 1171 NOBIS

264 1227 402 1254 DEDIT
432 1227 554 1255 APUD
585 1212 758 1255 NovnM
790 1213 1057 1256 CASTELLUM
1091 1247 1100 1256 .
1132 1229 1187 1256 ET
1217 1229 1275 1257 DE
1308 1230 1550 1260 QUITANCIA
1583 1230 1814 1259 FomNsncI
1850 1232 2053 1262 snnvmn.

248 1303 396 1346 Sciant
436 1318 580 1346 omnes
616 1309 706 1345 tam
739 1307 954 1359 presentes
994 1319 1121 1360 quam
1162 1305 1299 1347 futuri
1339 1308 1452 1362 quod
1492 1321 1572 1363 ego
1614 1340 1623 1349 .
1658 1307 1881 1351 ISABELLA
1922 1310 2133 1353 comitissa

188 1394 498 1437 GLOUCESTRIE
522 1428 530 1437 .
554 1394 600 1436 in
620 1394 754 1436 libera
774 1395 984 1437 viduitate
1004 1410 1099 1438 mea
1128 1396 1228 1438 dedi
1258 1400 1300 1439 et
1330 1397 1513 1440 concessi
1545 1433 1553 1441 .
1587 1402 1630 1441 et
1659 1399 1701 1442 h.
1724 1414 1766 1455 p.
1789 1414 1822 1442 c.
1846 1400 2092 1443 confirmavi
2123 1435 2132 1443 .

189 1487 242 1541 (et
275 1490 402 1527 cetera
436 1489 554 1527 donec
587 1489 769 1527 veniatur
801 1488 855 1526 ad
883 1488 1043 1531 feudum
1075 1485 1193 1529 Novr
1236 1486 1453 1530 CASTELLI
1492 1490 1558 1530 uhi
1587 1492 1642 1530 sie
1674 1492 1874 1541 habetur).
1936 1491 1997 1533 Et
2032 1493 2131 1535 dedi

187 1576 347 1619 eisdem
367 1576 586 1619 monachis
607 1576 833 1631 quinquies
854 1591 928 1618 xx.
951 1580 994 1618 et
1015 1578 1161 1619 decem
1183 1581 1225 1620 et
1245 1582 1406 1633 septem
1426 1594 1542 1621 acras
1563 1580 1615 1621 de
1636 1580 1848 1623 dominico
1878 1596 2021 1624 mense
2043 1598 2135 1626 mee

183 1668 231 1710 in
252 1667 382 1710 Novo
415 1666 642 1709 OAsTELLo
675 1700 683 1708 .
716 1667 824 1709 etin
846 1668 993 1709 eodem
1014 1668 1143 1710 feudo
1172 1668 1294 1711 Novl
1325 1669 1542 1712 CASTELLI
1569 1685 1732 1713 moram
1759 1673 1814 1713 ad
1844 1673 2135 1728 aquilonarem

184 1763 349 1814 partem
371 1758 529 1800 montis
551 1758 624 1813 qui
646 1758 802 1800 dicitur
823 1758 1240 1801 BRmenEcAsmL
1263 1793 1271 1801 .
1296 1763 1338 1802 et
1359 1761 1413 1802 ad
1444 1761 1693 1804 orientalem
1723 1766 1888 1818 partem
1909 1764 2103 1820 ejusdem
2124 1798 2133 1807 .

185 1852 227 1892 et
259 1852 417 1892 terram
453 1863 535 1904 que
570 1848 727 1890 dicitur
761 1847 1020 1891 SEITELAND
1058 1884 1066 1892 .
1103 1853 1145 1892 et
1185 1854 1341 1893 terram
1382 1853 1433 1894 de
1475 1851 1764 1895 KETHERECH
1806 1869 1887 1910 que
1926 1855 2040 1910 jacet
2081 1857 2136 1898 ad

179 1941 410 1983 australem
432 1944 598 1996 partem
618 1940 685 1982 vie
706 1954 863 1996 magne
885 1944 926 1981 et
947 1941 1094 1982 tendet
1116 1956 1260 1983 versus
1280 1941 1559 1984 LAcHELEs'r'
1583 1977 1591 1986 .
1615 1946 1658 1986 et
1687 1947 1844 1987 terram
1875 1961 1956 2001 que
1979 1947 2134 1991 dicitur

181 2031 482 2074 RoFLEsLANn
505 2045 558 2072 ex
580 2030 714 2072 altera
735 2033 856 2086 parte
878 2030 1070 2086 ejusdem
1093 2046 1248 2088 magne
1270 2032 1336 2074 vie
1370 2067 1378 2074 .
1412 2033 1651 2076 Habendas
1671 2038 1713 2077 et
1740 2037 1948 2079 tenendas
1968 2038 1995 2080 1.
2027 2042 2070 2080 et
2091 2054 2130 2094 q.

191 2125 246 2176 (et
268 2121 428 2175 cetera.)

239 2211 439 2253 Preterea
472 2211 572 2253 dedi
603 2210 761 2253 eisdem
792 2211 1009 2253 monachis
1030 2217 1071 2254 et
1094 2212 1339 2255 confirmavi
1359 2214 1405 2255 in
1425 2229 1577 2270 puram
1597 2218 1639 2257 et
1667 2219 1918 2271 perpetuam
1939 2218 2128 2261 elemosi-

182 2317 283 2344 nam
306 2336 314 2344 .
339 2305 382 2344 et
403 2302 572 2357 quitum
602 2301 781 2343 clamavi
812 2305 853 2344 et
882 2302 1024 2344 remisi
1053 2303 1368 2359 imperpetuum
1398 2307 1537 2347 totum
1558 2304 1814 2348 forinsecum
1835 2308 2057 2351 servicium
2078 2310 2130 2352 de

179 2392 437 2435 LANDGEWI
472 2426 480 2434 .
514 2392 627 2446 quod
657 2392 711 2433 ad
741 2407 808 2434 me
839 2393 909 2434 vel
949 2393 1123 2436 heredes
1156 2409 1269 2437 meos
1299 2396 1510 2451 pertinere
1541 2395 1702 2438 solebat
1731 2400 1872 2452 preter
1901 2399 2125 2443 dimidiam

178 2497 365 2525 marcam
386 2480 704 2538 solum[m]odo
725 2497 854 2538 quam
874 2483 1003 2525 michi
1024 2486 1066 2526 et
1086 2483 1313 2527 heredibus
1339 2487 1444 2529 meis
1472 2488 1696 2530 annuatim
1723 2489 1910 2532 reddunt
1929 2493 2019 2533 tam
2047 2508 2123 2548 pro

178 2573 322 2615 warda
343 2587 472 2627 quam
493 2586 568 2628 pro
590 2572 706 2614 omni
727 2572 811 2614 alio
832 2573 1005 2615 servicio
1026 2575 1078 2616 de
1099 2575 1247 2617 eodem
1269 2575 1398 2618 feudo
1419 2577 1474 2619 ad
1503 2592 1580 2620 nos
1606 2578 1847 2634 pertinente
1881 2613 1888 2622 .
1922 2579 2122 2625 Preterea

176 2665 229 2707 de
265 2663 461 2706 omnibus
496 2662 590 2705 aliis
622 2663 875 2705 tenementis
907 2678 988 2719 que
1030 2665 1187 2720 prefati
1227 2667 1425 2709 monachi
1464 2670 1612 2710 tenent
1647 2701 1655 2710 .
1690 2672 1830 2711 totum
1862 2669 2121 2716 forinsecum

179 2755 401 2798 servicium
422 2755 536 2809 quod
552 2754 606 2796 ad
620 2756 899 2797 antecessores
918 2769 1033 2798 meas
1052 2757 1264 2812 pertinere
1279 2757 1440 2801 solebat
1457 2792 1465 2801 .
1483 2759 1551 2802 vel
1567 2760 1680 2815 quod
1700 2761 1755 2802 ad
1775 2775 1843 2804 me
1866 2762 1934 2804 vel
1947 2762 2122 2807 heredes

176 2860 292 2889 meos
321 2845 507 2901 pertinet
538 2844 625 2888 sive
660 2845 715 2887 sit
750 2846 973 2889 servicium
1012 2848 1161 2891 militis
1200 2848 1287 2892 sive
1325 2849 1537 2892 venatoris
1576 2850 1645 2893 vel
1683 2850 1858 2894 alterius
1897 2852 2121 2908 cujuslibet

179 2936 399 2980 servientis
435 2968 445 2978 .
487 2935 574 2979 sive
613 2935 742 2978 etiam
777 2936 1000 2980 servicium
1041 2939 1218 2994 coquine
1259 2974 1268 2982 .
1310 2954 1384 2983 seu
1422 2941 1718 2996 quodcumque
1750 2941 1869 2985 aliud
1899 2944 2123 2989 servicium

171 3027 429 3070 forinsecum
462 3026 517 3068 ad
546 3039 624 3069 nos
653 3026 871 3081 pertinens
903 3061 912 3069 .
944 3030 1085 3071 totum
1115 3029 1224 3072 illud
1257 3031 1480 3074 servicium
1509 3031 1668 3074 eisdem
1697 3033 1915 3076 monachis
1944 3035 2043 3077 dedi
2073 3036 2120 3079 in
