2425 3423
352 252 467 294 2294

354 459 471 501 Four
491 459 612 511 seals,
636 472 767 514 green
788 472 898 506 wem,
919 458 997 500 viz.
1019 473 1088 500 :—

352 551 391 593 l.
453 549 626 602 Round,
651 549 705 603 1}
724 548 783 591 in.
807 548 953 600 diam,
975 563 1031 591 an
1052 549 1172 605 eagle
1192 550 1340 607 rising.

828 643 838 661 ‘
863 646 904 688 ÷
934 639 1095 682 SIGILL'
1129 674 1137 682 .
1172 656 1381 684 GRIFFINI
1414 656 1559 684 .F1L11
1593 675 1601 683 .
1636 642 1781 685 KNA1.'

346 733 385 775 2.
449 732 623 783 Round,
650 731 702 786 1}
722 730 783 776 in.
806 731 951 782 diam„
973 746 998 772 a
1020 737 1107 773 star
1129 746 1175 774 or
1196 732 1354 774 sixfoil.

799 825 873 870 ‘4-
910 821 1070 864 SIGILL'
1104 856 1112 865 .
1147 837 1295 865 MADOC
1328 857 1336 865 .
1370 823 1458 865 ΡΠ]
1493 857 1502 865 .
1535 824 1807 867 ΚΝΑΙΤΗΨΒ]

349 915 387 957 3.
451 914 626 966 Round,
651 914 705 969 1}
725 914 784 956 in.
809 913 953 965 diam„
975 928 1000 956 a
1022 913 1115 956 bow
1136 915 1222 956 and
1245 929 1392 957 arrow.

799 1008 872 1054 ‘4-
903 1004 1064 1048 SIGILL'
1098 1039 1107 1048 .
1141 1020 1283 1047 ENEIR
1316 1040 1323 1048 .
1357 1020 1470 1048 FILII
1504 1040 1512 1048 .
1546 1006 1813 1049 KNArrHvR.'

344 1100 383 1140 4.
446 1096 631 1140 Pointed
662 1097 770 1149 oval,
805 1097 861 1151 1²1}
903 1112 932 1141 ><
978 1097 1033 1151 l}
1053 1095 1128 1149 in.‚
1160 1112 1185 1139 a
1226 1103 1413 1140 crescent
1443 1098 1664 1154 enclosing
1694 1113 1719 1140 a
1756 1113 1878 1153 wavy
1917 1102 2003 1141 star
2036 1099 2081 1141 of
2121 1099 2241 1156 eight

288 1190 444 1245 points.

787 1249 796 1267 ‘
819 1253 860 1294 4-
892 1245 1052 1287 SIGILL'
1087 1259 1095 1267 ·
1128 1260 1310 1287 ANAROD
1343 1279 1351 1288 .
1386 1245 1476 1288 FIL'
1511 1280 1519 1287 .
1553 1246 1821 1289 KNAITHVR.'

610 1335 702 1379 The
722 1336 805 1379 last
826 1336 974 1380 letters
994 1351 1020 1378 T
1042 1351 1076 1378 H
1102 1336 1278 1391 (Saxon)
1305 1352 1332 1376 v
1356 1351 1383 1378 R
1404 1352 1475 1380 are
1496 1338 1634 1380 under
1656 1337 1729 1381 the
1751 1342 1950 1383 crescent.

715 1443 793 1473 This
817 1444 995 1482 completes
1018 1443 1077 1473 No.
1101 1443 1287 1474 CLXXIX.
1310 1445 1415 1474 which
1439 1445 1465 1474 is
1487 1445 1666 1482 imperfect.

1097 1683 1415 1728 MDLXXIV.

337 1792 749 1837 ABJURATION
811 1792 899 1835 BY
969 1791 1179 1843 KEDIO,
1241 1791 1358 1834 SON
1416 1792 1493 1834 OF
1554 1791 1847 1844 KENERIS,
1906 1791 2014 1835 HIS
2071 1792 2234 1844 SONS,

422 1884 556 1927 AND
618 1883 880 1935 OTHERS,
932 1883 1010 1925 OF
1071 1882 1201 1925 THE
1253 1882 1429 1926 LAND
1494 1882 1571 1924 OF
1631 1882 1912 1925 KENERIS
1973 1882 2233 1925 BEYOND

425 1975 735 2018 PENNYDD
777 1974 848 2017 IN
891 1973 1153 2017 FAVOUR
1196 1974 1274 2016 OF
1312 1973 1589 2016 MARGAM
1631 1974 1859 2017 ABBEY.

990 2082 1221 2139 [MARGAM
1255 2082 1510 2139 CHARTER.]

1798 2158 1912 2198 13ΤΗ
1946 2157 2175 2199 CENTURY.

338 2266 564 2310 Universis
586 2266 773 2309 CHRISTI
804 2265 1001 2308 fidelibus
1022 2280 1063 2320 p.
1087 2280 1116 2307 s.
1141 2280 1178 2307 v,
1204 2280 1241 2307 v,
1266 2280 1303 2307 a.
1328 2265 1478 2307 KEDIC
1502 2299 1508 2306 .
1534 2265 1647 2306 filius
1681 2264 1891 2306 KENERIS
1915 2298 1922 2305 .
1946 2263 2199 2306 Pmmppus
2222 2297 2230 2305 .

278 2358 512 2401 HLOARGH
546 2392 554 2400 .
589 2357 805 2400 MAnocns
839 2391 846 2399 .
882 2357 1094 2400 IDENARD
1129 2390 1137 2398 .
1171 2357 1248 2399 filii
1269 2356 1363 2412 ejus
1385 2357 1577 2399 salutem.

336 2449 519 2492 Noverit
541 2449 794 2491 universitas
816 2453 953 2490 vestra
970 2463 1046 2490 nos
1068 2448 1241 2490 consilio
1263 2453 1304 2490 et
1325 2462 1530 2490 consensu
1551 2446 1773 2488 MEURICH
1806 2446 1884 2488 filii
1905 2444 2115 2487 KENERIS
2147 2478 2155 2485 .
2189 2449 2232 2487 et

278 2540 465 2583 MAiocH
496 2539 574 2582 filii
606 2539 700 2596 ejus
732 2573 740 2581 .
774 2543 816 2582 et
847 2539 1028 2582 aliorum
1059 2539 1290 2581 amicorum
1311 2544 1552 2581 nostrorum
1583 2537 1800 2593 abjurasse
1826 2550 1950 2592 super
1972 2539 2233 2578 sacrosancta

274 2631 444 2674 ecclesie
494 2632 546 2673 de
596 2631 801 2672 MARGAN
842 2634 981 2672 totum
1031 2630 1102 2686 jus
1137 2631 1251 2686 quod
1292 2629 1535 2671 dicebamus
1574 2643 1651 2671 nos
1690 2628 1844 2670 habere
1883 2627 1929 2669 in
1965 2630 2078 2669 terra
2117 2627 2230 2670 ultra

276 2722 486 2765 PENNUD’
519 2757 527 2765 .
575 2723 629 2764 ad
661 2722 904 2778 aquilonem
940 2737 1022 2778 que
1057 2722 1296 2777 appellatur
1338 2725 1347 2743 ‘
1367 2720 1527 2763 TERRA
1568 2717 1802 2760 KENEms'
1847 2751 1855 2760 .
1900 2732 1995 2760 cum
2034 2717 2231 2760 omnibus

274 2814 543 2870 pertinentiis
577 2814 662 2856 suis
697 2847 705 2856 .
744 2816 786 2855 et
827 2813 997 2868 quitum
1039 2813 1238 2855 clamasse
1272 2812 1318 2853 in
1348 2816 1601 2866 perpetuum
1634 2843 1642 2851 .
1676 2809 1768 2851 Deo
1803 2816 1844 2850 et
1878 2823 1923 2851 ec
1965 2842 1973 2850 .
2017 2808 2136 2851 ΒΜ.
2175 2809 2228 2851 de

273 2905 336 2947 M.
375 2908 418 2947 et
449 2919 505 2946 m.
540 2904 567 2947 i.
605 2904 662 2946 D.
697 2919 728 2946 s.
767 2904 812 2945 in
845 2908 1095 2959 perpetuam
1127 2902 1412 2944 elemosinam.
1489 2900 1695 2942 Similiter
1740 2899 1957 2941 sciendum
1998 2899 2112 2954 quod
2153 2913 2227 2941 nos

273 3009 417 3037 omnes
440 3028 448 3036 .
473 2999 514 3036 et
535 2994 714 3050 predicti
735 2994 920 3036 Mssumc
944 3027 952 3035 .
976 2997 1017 3036 et
1040 2993 1227 3034 Mmocn
1251 3026 1259 3033 .
1283 2992 1360 3033 filii
1387 2991 1472 3045 (sic)
1494 2990 1588 3046 ejus
1609 2989 1901 3046 abjuravimus
1917 2990 2061 3031 omnia
2078 2989 2229 3032 clamia
