2425 3423
339 259 452 300 ‘2274

1138 465 1367 507 MDLIII.

281 571 733 614 NOTIFIOATION
779 572 862 614 BY
900 572 1106 624 HUGH,
1136 572 1254 616 SON
1296 573 1373 615 OF
1407 572 1658 615 ROBERT
1692 573 1777 615 DE
1820 573 2225 628 LANGARVAN,

426 653 500 696 TO
548 654 854 707 WILLIAM,
906 654 1137 697 BISHOP
1181 655 1258 698 OF
1309 655 1667 707 LLANDAFF,
1711 656 1789 698 OF
1848 656 1956 700 HIS
2017 657 2231 701 GRANT

426 736 501 778 TO
544 736 822 779 MARGAM
872 737 1088 780 ABBEY
1138 737 1216 780 OF
1266 737 1514 780 THIRTY
1569 738 1766 781 AGRES
1809 738 1887 781 OF
1930 739 2106 783 LAND
2147 740 2229 783 AT

424 820 922 868 LANDMEUTHIN,
980 820 1287 863 RATIFIED
1341 820 1414 863 IN
1466 820 1596 863 THE
1643 820 1920 864 OARDIFF
1973 822 2230 867 GOUNTY

426 903 644 946 OOURT.

996 995 1066 1052 [M
1070 1011 1226 1038 ARGAM
1260 995 1518 1052 CHARTER.]

1826 1079 2012 1121 BEFORE
2049 1081 2170 1122 1191.

335 1187 694 1230 Reverentissimo
745 1188 857 1243 patri
899 1202 972 1229 suo
1014 1186 1341 1243 W[1LLEm10]¹
1391 1186 1474 1229 Dei
1510 1187 1650 1244 gratia
1691 1186 1991 1230 LANDAvENSI
2034 1189 2227 1244 episcopo

276 1282 317 1321 et
359 1279 555 1322 omnibus
596 1282 738 1321 sancte
780 1279 952 1321 ecclesie
990 1278 1187 1321 fidelibus
1229 1312 1237 1320 .
1281 1278 1421 1320 Huoo
1456 1278 1569 1321 filius
1611 1278 1814 1321 RossERn
1852 1280 1903 1321 de
1943 1278 2226 1322 LANCARVAN

274 1370 468 1413 salutem.

329 1461 495 1504 Notum
516 1461 571 1504 sit
601 1461 870 1504 universitati
899 1465 1033 1503 vestre
1054 1461 1168 1515 quod
1190 1475 1268 1517 ego
1299 1475 1375 1516 pro
1407 1461 1542 1502 salute
1572 1461 1713 1502 anime
1745 1476 1836 1503 mee
1868 1497 1876 1503 .
1911 1466 1952 1503 et
1982 1461 2115 1517 patris
2145 1461 2229 1504 mei

270 1557 311 1595 et
333 1553 480 1596 matris
510 1568 602 1595 mee
634 1558 674 1595 et
706 1558 1018 1594 antecessorum
1048 1567 1214 1595 necnon
1236 1558 1275 1594 et
1299 1567 1583 1594 successorum
1616 1567 1807 1594 meorum
1839 1553 1938 1594 dedi
1969 1558 2011 1594 et
2041 1553 2224 1596 concessi

272 1647 313 1686 et
345 1644 423 1687 hac
465 1660 560 1686 mea
600 1648 716 1686 carta
756 1643 1003 1686 confirmavi
1045 1643 1139 1686 Deo
1179 1648 1220 1685 et
1262 1643 1432 1685 ecclesie
1473 1642 1595 1686 beate
1636 1643 1796 1685 MARIE
1837 1644 1889 1685 de
1929 1643 2135 1686 MARGAN
2180 1648 2222 1688 et

271 1735 489 1778 monachis
530 1735 689 1778 ibidem
730 1734 823 1776 Deo
866 1734 1147 1776 servientibus
1184 1769 1192 1776 .
1236 1748 1340 1776 xxx.
1380 1749 1496 1776 acras
1528 1738 1638 1776 terre
1674 1735 1766 1776 mee
1801 1749 1905 1789 quas
1945 1735 2222 1790 proximiores

267 1826 402 1868 habeo
441 1830 551 1868 terre
591 1841 664 1868 sue
705 1826 758 1867 de
799 1824 1149 1867 LANDMEUTHIN
1190 1840 1286 1867 cum
1328 1825 1463 1867 crofta
1510 1840 1592 1881 que
1632 1825 1826 1880 proxima
1880 1825 2048 1881 adjacet
2088 1827 2221 1869 veteri

266 1917 472 1960 cimiterio
503 1932 555 1960 ex
586 1916 837 1959 occidentali
867 1920 986 1971 parte
1010 1950 1018 1958 .
1042 1916 1088 1958 in
1118 1931 1270 1972 puram
1301 1920 1343 1958 et
1373 1923 1624 1971 perpetuam
1651 1916 1925 1958 elemosinam
1949 1951 1956 1957 .
1980 1916 2158 1959 liberam
2179 1921 2221 1961 et

268 2008 457 2064 quietam
478 2008 531 2050 ab
553 2008 670 2050 omni
691 2007 870 2049 seculari
891 2007 1065 2049 servicio
1089 2041 1096 2048 .
1121 2007 1340 2049 exactione
1365 2041 1372 2048 .
1397 2012 1439 2049 et
1464 2007 1781 2049 consuetudine.
1843 2007 1904 2049 Et·
1935 2007 2075 2050 sciatis
2105 2010 2219 2064 quod

268 2099 501 2154 predictam
537 2103 693 2140 terram
724 2099 905 2140 concessi
936 2098 1113 2153 prefatis
1142 2098 1359 2140 monachis
1390 2112 1585 2140 concessu
1616 2098 1779 2140 domini
1810 2098 1893 2140 mei
1926 2098 2132 2141 HENR101
2162 2114 2218 2142 DE

268 2190 617 2232 UMFRAMVILLA
660 2222 668 2231 .
711 2204 875 2231 necnon
923 2193 963 2231 et
1017 2204 1220 2231 consensu
1275 2189 1555 2231 MARGARITE
1606 2190 1749 2231 uxoris
1803 2190 1897 2231 mee
1953 2192 1994 2231 et
2044 2190 2225 2234 aliorum

269 2281 499 2323 amicorum
519 2295 711 2323 meorum
735 2313 744 2322 .
768 2286 808 2322 et
832 2281 865 2322 si
887 2280 1050 2336 aliquid
1081 2281 1303 2323 servicium
1334 2281 1386 2322 de
1408 2280 1596 2335 predicta
1626 2284 1739 2321 terra
1769 2280 1899 2322 fuerit
1930 2281 2183 2336 requisitum
2207 2316 2214 2324 .

270 2373 356 2414 sive
378 2372 541 2413 domini
564 2371 697 2428 Regis
720 2405 728 2413 .
753 2386 826 2413 seu
847 2372 977 2422 aliud,
1001 2386 1079 2427 ego
1111 2377 1153 2413 et
1174 2371 1348 2413 heredes
1368 2372 1452 2413 mei
1484 2372 1593 2413 illud
1624 2371 1967 2426 adquietabimus
1989 2406 1997 2414 .
2021 2372 2083 2414 ita
2104 2374 2218 2428 quod

267 2463 464 2505 monachi
493 2463 538 2504 in
563 2466 817 2518 perpetuum
848 2462 982 2518 quieti
1002 2467 1126 2504 erunt
1158 2466 1199 2504 et
1230 2462 1393 2504 nemini
1423 2463 1475 2505 de
1506 2462 1648 2517 aliquo
1680 2462 1853 2504 servicio
1887 2463 2216 2517 respondebunt.

268 2553 415 2596 Abbas
448 2568 545 2595 vero
576 2554 628 2595 de
662 2553 866 2594 MARGAN
895 2558 937 2594 et
967 2553 1164 2595 monachi
1195 2554 1366 2609 quando
1397 2553 1507 2595 hanc
1537 2553 1810 2595 donationem
1831 2552 1890 2594 eis
1917 2552 2000 2595 feci
2019 2568 2094 2608 pro
2123 2569 2217 2597 mea

266 2659 425 2700 magna
452 2645 699 2687 necessitate
728 2644 955 2686 karitative
985 2644 1115 2686 michi
1146 2645 1355 2687 dederunt
1388 2650 1472 2687 tres
1511 2659 1672 2686 marcas
1701 2643 1883 2699 argenti.
1944 2644 2041 2700 Ego
2075 2649 2217 2688 autem

267 2734 375 2777 hanc
417 2735 673 2790 sepedictam
710 2735 983 2777 donationem
1018 2735 1064 2776 in
1099 2735 1291 2791 plenario
1333 2735 1537 2777 comitatu
1577 2736 1629 2776 de
1663 2733 1866 2776 KAIRDIF
1909 2736 2216 2790 prenominatis

266 2825 485 2867 monachis
505 2825 688 2867 fideliter
708 2825 958 2867 testificatus
980 2840 1087 2877 sum,
1110 2828 1153 2867 et
1172 2825 1292 2867 illam
1312 2825 1471 2881 ubique
1493 2824 1788 2867 warantizabo.

327 2914 523 2956 Testibus
556 2947 564 2956 .
594 2915 636 2958 J.
676 2920 777 2957 tunc
813 2916 949 2971 priore
983 2916 1035 2957 de
1069 2916 1264 2958 MARGAN
1299 2948 1308 2958 .
1344 2916 1397 2958 R.
1434 2915 1650 2958 cellarario
1683 2949 1692 2958 .
1727 2914 1983 2958 VINCENTIO
2005 2924 2045 2959 et
2070 2916 2140 2960 W.
2164 2918 2215 2960 de

269 3004 587 3061 BEmNffiONA]
613 3005 829 3047 monachis
852 3039 861 3047 .
885 3005 1093 3048 JORDANO
1121 3010 1163 3048 et
1195 3006 1414 3048 RADcLFo
1446 3005 1642 3047 PICARDO
1674 3005 1894 3048 conversis.
1957 3006 2142 3062 Insuper
2172 3012 2214 3050 et
