2425 3423
339 307 451 348 2392

1130 508 1389 552 MDCLVI.

282 631 499 676 GRANT
562 630 648 673 BY
715 627 1008 672 WILLIAM
1079 625 1292 669 LLOYD
1374 624 1631 668 THOMAS
1681 624 1764 666 ΑΡ
1824 623 2040 667 HOELL
2101 624 2233 667 THE

425 722 652 773 ELDER,
686 719 761 763 ΤΟ
795 717 1087 762 RICHARD
1117 717 1200 759 ΑΡ
1240 716 1498 760 THOMAS
1534 715 1739 761 DAVID
1777 715 1859 758 ΑΡ
1892 715 2121 768 HOELL,
2153 716 2232 759 OF

427 817 470 857 A
531 810 881 856 TENEMENT
952 808 1200 852 CALLED
1279 806 1850 852 LLOYNE-GWLADIS
1908 806 1981 850 IN
2041 807 2235 850 LLAN-

428 904 661 956 GONYD,
702 900 955 946 WITHIN
1006 900 1137 943 THE
1188 899 1508 942 LORDSHIP
1548 899 1627 941 OF
1677 897 2088 951 TERE-ZARLE,
2129 898 2234 940 ETc.

1005 1016 1237 1074 [MARGAM
1269 1015 1526 1073 CHARTER]

1334 1117 1389 1158 28
1421 1116 1543 1158 Mn.
1612 1116 1660 1157 12
1693 1115 1819 1157 HEN.
1852 1114 1990 1157 VIII.
2055 1115 2178 1156 1520.

342 1242 487 1285 Sciant
508 1242 723 1295 presentes
753 1245 795 1279 et
825 1235 962 1278 futuri
993 1235 1106 1290 quod
1137 1248 1216 1289 ego
1239 1232 1521 1275 WILLELMUS
1551 1231 1708 1274 Lroyn
1740 1231 1929 1274 THOMAs
1959 1246 2013 1287 ap
2034 1230 2197 1273 HOELL
2229 1264 2238 1273 .

285 1335 423 1376 senior
456 1367 464 1374 .
497 1333 549 1373 de
581 1330 791 1372 Bmsmw
824 1361 832 1369 .
867 1328 1019 1382 draper
1051 1360 1059 1367 .
1094 1325 1193 1366 dedi
1224 1328 1264 1366 et
1298 1323 1478 1366 concessi
1519 1328 1562 1365 et
1600 1322 1727 1380 [h]ac
1768 1323 1954 1379 presenti
1994 1326 2109 1365 carta
2151 1337 2245 1365 mea

286 1423 533 1467 confirmavi
555 1422 760 1464 RICARno
791 1434 846 1474 ap
877 1416 1067 1459 THOMAS
1098 1416 1250 1457 DAvln
1273 1430 1326 1471 ap
1361 1414 1520 1457 HOELL
1551 1429 1755 1470 generoso
1787 1429 1919 1456 vnum
1950 1417 2245 1456 tenementum

289 1531 386 1559 cum
427 1514 513 1557 suis
549 1511 818 1569 pertinentiis
859 1512 1054 1551 vocatum
1095 1506 1282 1549 LLOYNE
1325 1505 1539 1548 Gumms
1578 1506 1722 1562 jacens
1762 1506 1878 1548 infra
1911 1505 2155 1562 parochiam
2194 1506 2247 1548 de

286 1608 571 1650 LLANGONYD
620 1603 734 1645 infra
788 1601 1026 1643 dominium
1086 1600 1139 1640 de
1199 1597 1326 1639 TERE
1388 1597 1546 1639 ZARLF,
1609 1630 1617 1638 .
1680 1599 1774 1653 que¹
1838 1597 2028 1653 quidem2
2087 1597 2249 1639 dictum

289 1702 586 1742 tenementum
608 1710 703 1738 cum
725 1693 849 1735 dictis
869 1690 1139 1748 pertinentiis
1160 1704 1296 1744 nuper
1327 1689 1544 1731 descendit
1566 1688 1695 1730 michi
1726 1688 1839 1730 dicto
1872 1687 2133 1731 WILLELMO
2154 1690 2249 1743 post

291 1792 509 1833 decessum
547 1787 715 1830 THoME
751 1800 804 1840 ap
847 1783 1008 1825 Hossm,
1040 1782 1192 1824 DAvm
1229 1797 1282 1836 ap
1320 1780 1481 1822 HOELL
1522 1781 1654 1835 patris
1688 1780 1772 1822 mei
1813 1813 1821 1822 .
1865 1795 1912 1821 ac
1948 1780 2079 1822 eciam
2121 1794 2250 1821 vnam

292 1881 520 1937 parcellam
556 1882 665 1920 terre
701 1876 914 1932 jacentem
950 1874 1065 1916 infra
1098 1873 1229 1916 Cum:
1269 1871 1392 1914 GUIH·
1428 1887 1523 1913 cum
1567 1872 1652 1913 suis
1687 1871 1957 1927 pertinentiis
1997 1871 2251 1913 existentem

292 1972 408 2014 infra
439 1971 598 2013 dictam
630 1967 872 2024 parochiam
904 1969 946 2008 et
977 1964 1215 2007 dominium
1248 1979 1384 2019 nuper
1415 1963 1700 2019 pertinentem
1731 1962 1920 2018 predicto
1950 1962 2081 2018 patri3
2116 1977 2210 2005 meo
2243 1996 2250 2004 .

297 2063 563 2106 Habendum
596 2068 636 2102 et
668 2059 902 2102 tenendum
931 2057 1073 2100 omnia
1104 2057 1217 2098 dicta
1248 2061 1492 2097 tenementa
1513 2060 1554 2096 et
1575 2054 1759 2110 parcella
1789 2058 1900 2096 terre
1931 2070 2027 2096 cum
2059 2054 2257 2097 omnibus

294 2155 419 2197 dietis
469 2151 739 2209 pertinentiis
789 2150 902 2191 dicto
945 2148 1149 2190 RmARno
1200 2163 1254 2202 ap
1298 2146 1486 2188 Taoms
1537 2145 1764 2188 heredibus
1804 2150 1846 2187 et
1888 2146 2117 2201 assignatis
2171 2146 2257 2188 suis

302 2248 617 2302 imperpetuum
652 2277 659 2284 .
694 2242 948 2284 Tenendum
980 2241 1032 2282 de
1063 2238 1317 2294 capitalibus
1347 2237 1530 2279 dominis
1560 2237 1674 2279 feodi
1704 2237 1820 2279 illius
1850 2252 1925 2292 per
1958 2237 2131 2278 servicia
2160 2236 2261 2278 inde

302 2338 421 2393 prius
461 2336 615 2378 debitis
655 2341 696 2376 et
737 2335 789 2376 de
829 2333 925 2388 jure
967 2331 1177 2374 consuetis
1224 2365 1232 2372 .
1279 2330 1338 2371 Et
1379 2344 1457 2385 ego
1500 2342 1598 2369 vero
1638 2327 1853 2382 predictus
1895 2327 2179 2371 WIJJAELMUS
2219 2330 2262 2369 et

301 2429 478 2470 heredes
518 2427 600 2468 mei
643 2425 785 2467 omnia
826 2424 941 2466 dicta
981 2425 1226 2464 tenementa
1267 2425 1309 2463 et
1349 2419 1577 2476 parcellam
1611 2422 1720 2460 terre
1762 2433 1858 2460 cum
1901 2418 2098 2460 omnibus
2138 2418 2263 2460 dictis

306 2518 576 2575 pertinentiis
597 2518 710 2558 dicto
733 2516 937 2558 RicARDo
960 2518 1001 2556 et
1022 2513 1249 2556 heredibus
1270 2513 1354 2554 suis
1376 2514 1521 2553 contra
1543 2525 1688 2552 omnes
1711 2514 1861 2566 gentes
1891 2510 2262 2552 warantizabimus

308 2616 350 2653 et
382 2612 698 2666 imperpetuum
734 2607 1013 2649 defendemus
1047 2621 1122 2661 per
1155 2609 1382 2660 presentes.
1465 2602 1647 2657 Insuper
1682 2601 1884 2643 noveritis
1923 2617 1990 2644 me
2024 2601 2263 2657 predictum

313 2702 613 2746 WILLELMUM
648 2699 789 2741 secisse
831 2698 1046 2740 ordinasse
1087 2701 1127 2738 et
1169 2697 1215 2738 in
1256 2697 1346 2737 loco
1397 2709 1489 2736 meo
1533 2694 1720 2749 posuisse
1761 2693 1966 2735 dilectum
2013 2695 2172 2736 meum⁴
2219 2693 2266 2735 in

314 2794 510 2836 Onmsro
551 2791 756 2833 [rueme
791 2805 844 2845 ap
884 2788 1038 2831 JEUAN
1080 2803 1133 2843 ap
1175 2787 1337 2828 HOELL
1378 2787 1429 2827 de
1471 2785 1598 2827 TERE
1638 2784 1794 2826 ZARLE
1828 2800 2080 2839 generosum
2121 2800 2265 2827 meum

318 2898 464 2925 verum
505 2887 545 2924 et
586 2882 835 2938 ligitimum¹
870 2883 1133 2922 attornatum
1175 2878 1279 2919 visol
1318 2880 1360 2919 et
1400 2877 1446 2918 in
1486 2876 1658 2918 nomine
1697 2891 1791 2918 meo
1833 2877 1886 2917 ad
1930 2876 2181 2918 intrandum
2220 2877 2267 2918 in

319 2973 517 3015 omnibus
537 2973 661 3014 dictis
682 2971 892 3028 premissis
914 2986 1009 3012 cum
1030 2970 1115 3012 suis
1136 2968 1404 3025 pertinentiis
1425 2972 1467 3010 et
1487 2971 1632 3023 postea
1652 2968 1707 3008 ad
1728 2967 2051 3009 deliberandum
2072 2966 2269 3009 omnibus

321 3064 444 3106 dictis
504 3063 729 3118 premissis¹
780 3062 945 3118 prefato
1006 3061 1209 3103 RICARDO
1260 3058 1450 3101 THoMAs
1509 3073 1562 3114 ap
1614 3057 1776 3099 HOELL
1827 3060 1870 3099 et
1919 3057 2143 3100 heredibus
2182 3058 2269 3100 suis
