2425 3423
1942 285 2055 327 2309

935 485 1352 530 MDLXXXVIH.

164 592 522 640 QUITGLAIM
579 593 665 636 BY
714 593 983 636 WALTER
1035 593 1242 637 LOVEL
1290 594 1420 638 THE
1463 595 1787 649 YOUNGER,
1829 597 2110 643 NEPHEW

307 684 385 727 OF
426 684 628 729 DAVID
670 684 1013 736 SOURLAGE,
1055 684 1189 727 AND
1224 684 1391 728 LORD
1434 686 1512 729 OF
1545 687 1758 731 UPPER
1797 688 2107 742 OORNELY,

303 775 378 817 ΤΟ
421 775 699 818 MARGAM
733 774 960 827 ABBEY,
1003 774 1081 817 OF
1121 775 1165 818 A
1198 775 1368 819 RENT
1397 777 1475 819 OF
1510 777 1728 821 THREE
1766 779 2105 823 SHILLINGS

302 865 424 908 FOR
466 865 596 908 THE
638 865 812 908 LAND
854 865 932 907 OF
970 865 1341 909 SOURLAGGE
1382 867 1455 910 IN
1498 868 1852 914 LANGHEWI
1893 870 2029 914 FEE.

874 965 1105 1022 [MARGAM
1143 966 1403 1023 CHARTER]

1671 1027 1786 1068 13ΤΗ
1818 1027 2046 1069 CENTURY.

213 1122 437 1165 Universis
468 1121 655 1164 OHmsTI
677 1122 872 1165 fidelibus
892 1138 1062 1178 presens
1083 1125 1286 1178 scriptum
1307 1124 1458 1166 visuris
1482 1126 1550 1167 vel
1577 1127 1787 1168 audituris
1811 1160 1818 1168 .
1843 1126 2104 1170 WALTERUS

154 1212 310 1256 LOVEL
331 1213 477 1268 junior
497 1228 626 1268 nepos
647 1213 801 1255 DAvm
824 1213 1059 1256 SCURLAGE
1082 1248 1091 1256 .
1115 1215 1312 1257 dominus
1332 1217 1558 1271 superioris
1580 1217 1792 1260 CORNELY
1815 1251 1823 1259 .
1847 1221 2038 1260 eternam
2058 1219 2104 1261 in

157 1304 329 1346 domino
351 1304 545 1346 salutem.

211 1394 429 1437 Noveritis
449 1409 516 1436 me
537 1394 614 1436 sub
636 1395 826 1436 veritatis
846 1395 1089 1438 testimonio
1111 1396 1273 1438 dedisse
1294 1401 1335 1439 et
1355 1397 1671 1454 imperpetuum
1692 1400 1879 1455 plenarie
1894 1401 2103 1444 remisisse

152 1486 427 1541 quietumque
448 1486 647 1528 clamasse
669 1488 711 1527 et
730 1486 915 1540 presenti
936 1490 1050 1528 carta
1071 1501 1164 1528 mea
1185 1487 1450 1530 confirmasse
1466 1503 1542 1544 pro
1562 1504 1631 1532 me
1649 1493 1690 1532 et
1710 1490 1937 1533 heredibus
1957 1492 2063 1534 meis
2092 1527 2100 1534 .

151 1591 198 1618 ac
219 1577 522 1619 successoribus
551 1577 686 1619 meis.
712 1576 804 1619 Deo
826 1579 867 1618 et
899 1576 1018 1619 beate
1054 1577 1212 1619 MAROE
1246 1579 1299 1620 de
1331 1579 1535 1621 MARGAN
1572 1614 1579 1622 .
1616 1585 1658 1622 et
1693 1582 1910 1624 monachis
1942 1583 2102 1625 ibidem

148 1667 241 1710 Deo
262 1667 543 1710 servientibus
564 1668 779 1709 redditum
800 1667 932 1709 trium
953 1667 1185 1710 solidorum
1215 1669 1517 1725 sterlingorum
1548 1685 1674 1726 quem
1707 1672 1837 1714 michi
1873 1674 2098 1716 annuatim

148 1773 224 1814 pro
244 1762 357 1801 terra
379 1757 645 1801 SCURLAGGE
668 1759 712 1800 in
734 1758 863 1800 feudo
885 1759 937 1800 de
953 1758 1216 1801 LANGHEWI
1239 1761 1397 1802 solvere
1414 1766 1721 1805 consueverunt
1739 1797 1746 1805 .
1766 1763 1850 1806 Pro
1866 1764 1945 1806 hac
1961 1769 2105 1808 autem

146 1865 241 1892 mea
260 1849 394 1892 libera
414 1849 645 1891 donacione
668 1882 676 1891 .
700 1852 742 1891 et
759 1849 903 1904 quieta
923 1850 1236 1904 imperpetuum
1258 1851 1436 1906 predicti
1456 1853 1647 1895 redditus
1678 1854 1943 1906 clamatione,
1972 1857 2098 1899 dede-

146 1944 247 1983 runt
275 1941 404 1983 michi
437 1940 616 1996 predicti
644 1940 773 1982 abbas
805 1944 845 1982 et
876 1945 1107 1983 conventus
1138 1942 1318 1997 triginta
1351 1943 1539 1998 quinque
1572 1944 1727 1987 solidos
1759 1947 2064 2002 sterlingorum
2086 1981 2094 1989 .

145 2032 204 2074 Et
225 2035 274 2074 ut
292 2031 369 2074 hec
390 2032 525 2087 igitur
545 2046 640 2073 mea
659 2031 793 2073 libera
813 2032 990 2073 donacio
1012 2032 1169 2074 eisdem
1189 2033 1407 2076 monachis
1433 2034 1548 2077 facta
1570 2069 1578 2077 .
1603 2039 1645 2077 et
1672 2036 1987 2092 imperpetuum
2020 2053 2096 2093 pro

144 2137 212 2164 me
240 2126 282 2165 et
312 2122 508 2165 omnibus
536 2123 761 2165 heredibus
788 2123 893 2164 meis
921 2138 968 2164 ac
996 2124 1297 2166 successoribus
1328 2126 1430 2167 meis
1460 2126 1604 2181 quieta
1634 2127 1835 2170 clamacio
1862 2127 2026 2171 stabilis
2053 2134 2095 2172 et

142 2213 388 2257 inconcussa
419 2217 679 2269 permaneat,
720 2229 889 2269 presens
922 2214 1125 2270 scriptum
1155 2215 1287 2271 sigilli
1318 2217 1402 2258 mei
1434 2216 1707 2272 impressione
1738 2234 1922 2262 unacum
1950 2220 2093 2276 sigillo

142 2306 356 2348 communi
378 2307 430 2347 de
450 2304 678 2347 KENEFEG
702 2338 711 2346 .
733 2304 940 2346 roboravi.

196 2398 298 2440 Hiis
328 2396 507 2439 testibus
543 2429 553 2439 .
587 2395 820 2438 MAURICIO
848 2396 1019 2438 domino
1052 2396 1265 2439 inferioris
1293 2396 1507 2440 CORNELY
1545 2432 1553 2440 .
1591 2399 1825 2443 MAURICIO
1862 2401 2085 2445 GRAMUS.

136 2488 393 2532 WlLLELMo
416 2487 573 2530 TERRY
597 2520 606 2529 .
631 2487 784 2528 DAvm
806 2487 994 2529 BENEYT
1019 2520 1028 2529 .
1053 2487 1308 2530 WILLELMO
1330 2488 1555 2531 AILWARD
1583 2524 1591 2532 .
1627 2490 1861 2553 WALTERIO
1894 2492 2049 2535 Ronoc
2076 2527 2083 2535 .

138 2579 351 2622 HEcho
372 2578 560 2622 WILLOC
584 2612 592 2620 .
617 2583 658 2620 et
679 2578 827 2620 multis
847 2578 954 2620 aliis.

194 2669 298 2711 Two
318 2670 456 2711 round
478 2669 597 2719 seals,
620 2683 751 2724 green
772 2683 879 2710 waX.

198 2762 237 2802 1.
297 2761 340 2802 A
361 2760 617 2802 fleur-de-lis
637 2759 741 2801 with
764 2774 789 2800 a
810 2758 898 2801 bar.

711 2891 713 2893 ,
770 2853 780 2871 ‘
806 2857 846 2898 -Ι-
875 2850 908 2892 s'
931 2865 1136 2893 WALTERI
1160 2886 1167 2894 .
1192 2851 1361 2894 LOVEL.'

189 2942 228 2983 2.
291 2940 495 2983 Oommon
517 2941 604 2983 seal
624 2941 668 2983 of
691 2940 866 2996 Kenfig,
890 2957 914 2982 a
935 2942 1164 2997 quatrefoil
1184 2942 1376 2985 between
1397 2943 1495 2985 four
1515 2944 1679 2999 pellets.

707 3034 717 3052 ‘
742 3038 782 3079 -1-
811 3030 844 3071 s'
867 3045 1047 3073 ooMUNE
1081 3066 1088 3074 .
1123 3047 1180 3074 DE
1213 3066 1222 3075 .
1256 3033 1454 3076 KENEF'.'
