2425 3423
1959 284 2072 326 2307

978 686 1342 730 MDLXXXVI.

190 796 545 846 QUITOLAIM
595 795 729 838 AND
780 795 1187 838 ABJURATION
1237 794 1323 837 BY
1374 794 1597 837 HOHEL
1647 795 1730 837 AB
1782 795 1991 839 GRONO
2042 797 2127 839 AB

330 886 632 930 ONAYTHO
703 885 779 928 ΤΟ
847 885 1123 929 MARGAM
1178 885 1394 929 ABBEY
1455 885 1533 928 OF
1604 885 1734 929 THE
1803 885 1979 930 LAND
2051 887 2129 930 OF

333 977 654 1021 HEMBROH
694 977 828 1021 AND
870 976 1349 1021 KEUENWRGAN.

905 1085 1135 1142 [MARGAM
1167 1084 1424 1142 CHARTER]

1699 1177 1816 1218 13T11
1848 1176 2079 1219 CENTURY.

246 1286 471 1329 Universis
492 1285 677 1328 CHmsTl
704 1284 901 1327 fidelibus
931 1286 986 1327 ad
1017 1300 1120 1340 quos
1150 1299 1321 1340 presens
1351 1285 1555 1341 seriptum
1584 1285 1828 1340 pervenerit
1858 1317 1866 1326 .
1892 1284 2063 1327 HOHEL
2086 1285 2139 1328 ab

191 1377 347 1420 Gnoso
369 1376 421 1418 ab
444 1375 663 1419 CNAYTHO
684 1375 877 1417 salutem.

244 1467 426 1511 Noverit
460 1466 714 1509 universitas
754 1470 893 1508 vestra
933 1481 1001 1509 me
1042 1467 1214 1509 consilio
1255 1470 1297 1509 et
1338 1481 1542 1509 consensu
1581 1467 1714 1522 patris
1754 1467 1838 1508 mei
1879 1472 1920 1509 et
1958 1467 2140 1509 aliorum

189 1559 419 1601 amicorum
440 1572 631 1600 meorum
651 1556 858 1599 remisisse
879 1559 922 1598 et
942 1557 1335 1612 quietumclamasse
1366 1591 1374 1599 .
1404 1560 1446 1599 et
1468 1572 1593 1612 super
1614 1565 1875 1600 sacrosancta
1897 1558 2066 1600 ecclesie
2090 1559 2142 1600 de

189 1648 393 1691 MARGAN
415 1648 633 1704 abjurasse
657 1681 664 1689 .
688 1647 835 1690 domui
857 1648 909 1689 de
930 1647 1131 1690 MORGAN
1155 1682 1163 1690 .
1194 1651 1235 1690 et
1264 1647 1482 1691 monachis
1506 1647 1665 1690 ibidem
1695 1647 1789 1691 Deo
1818 1649 2100 1692 servientibus
2133 1683 2140 1692 .

188 1739 234 1781 in
255 1754 406 1795 puram
430 1743 471 1781 et
493 1744 743 1795 perpetuam
765 1738 1039 1780 elemosinam
1060 1741 1199 1780 totum
1220 1738 1290 1794 jus
1311 1742 1354 1780 et
1382 1739 1582 1780 clamium
1607 1753 1748 1780 meum
1782 1740 1895 1794 quod
1924 1739 2054 1782 habui
2075 1740 2143 1782 vel

187 1831 342 1873 habere
371 1831 491 1886 potui
521 1830 567 1872 in
602 1834 715 1873 terra
754 1831 806 1872 de
848 1829 1084 1872 HEMBROH
1120 1862 1128 1870 .
1164 1832 1207 1871 et
1239 1829 1577 1872 KEUENWRGAN
1613 1864 1618 1872 .
1655 1835 1697 1872 et
1732 1831 1778 1872 in
1815 1830 2011 1873 omnibus
2047 1831 2142 1873 aliis

187 1921 515 1977 possessionibus
536 1921 746 1964 dictorum
768 1920 1072 1963 monachorum
1094 1953 1102 1962 .
1127 1924 1176 1961 ut
1197 1919 1384 1962 habeant
1400 1923 1442 1962 et
1463 1923 1639 1963 teneant
1660 1921 1762 1962 dicti
1783 1921 1981 1964 monaehi
2003 1921 2138 1964 dictas

190 2016 323 2054 terras
344 2016 386 2054 et
406 2013 685 2067 possessiones
705 2011 836 2054 libere
858 2045 866 2053 .
891 2014 932 2053 et
953 2011 1095 2066 quiete
1119 2045 1127 2053 .
1152 2015 1194 2052 et
1220 2011 1391 2066 pacifice
1414 2044 1423 2053 .
1445 2026 1521 2066 pro
1549 2026 1616 2053 me
1638 2015 1681 2053 et
1701 2011 1899 2054 omnibus
1919 2011 2146 2055 heredibus

190 2103 294 2144 meis
315 2104 629 2157 imperpetuum
651 2102 759 2144 sicut
780 2102 869 2143 ulla
885 2101 1113 2144 elemosina
1128 2101 1304 2143 liberius
1320 2106 1361 2144 et
1376 2101 1563 2156 quieoius
1576 2101 1724 2144 haberi
1740 2105 1879 2158 potest
1895 2103 1962 2145 vel
1979 2104 2115 2146 teneri
2133 2138 2141 2146 .

180 2192 240 2234 Et
257 2207 336 2248 ego
350 2198 392 2234 et
414 2192 588 2234 heredes
612 2193 692 2234 mei
709 2193 843 2234 dictas
863 2197 995 2234 terras
1012 2197 1052 2234 et
1068 2192 1345 2247 possessiones
1365 2197 1510 2236 contra
1527 2208 1671 2236 omnes
1688 2193 1880 2236 homines
1897 2201 1939 2236 et
1955 2193 2137 2237 feminas

188 2283 388 2338 predictis
408 2283 625 2325 monachis
646 2283 1015 2325 warantizabimus
1034 2282 1351 2338 imperpetuum
1374 2317 1382 2325 .
1406 2283 1467 2325 Et
1498 2290 1546 2326 ut
1576 2284 1652 2327 hec
1674 2285 2022 2339 quietaolamaoio
2044 2300 2138 2328 mea

191 2380 232 2415 et
261 2373 478 2429 abjuracio
510 2374 631 2416 firma
661 2378 705 2416 et
733 2374 978 2416 inconcussa
1008 2378 1179 2415 maneat
1209 2374 1523 2430 imperpetuum
1552 2376 1739 2431 presenti
1767 2376 1921 2431 scripto
1943 2376 2136 2432 sigillum

189 2479 332 2506 meum
354 2464 543 2520 apposui.

244 2554 346 2597 Hiis
366 2555 545 2598 testibus
573 2588 581 2596 .
611 2555 838 2597 MORGANo
861 2555 960 2598 CAM
983 2588 992 2597 .
1016 2554 1242 2597 PHILIPPO
1258 2555 1391 2598 fratre
1409 2556 1514 2611 ejus.
1559 2556 1817 2600 WILLELMO
1839 2558 1890 2599 de
1912 2557 2134 2600 LANMEYS

180 2652 284 2686 tunc
305 2645 461 2687 decano
493 2679 502 2687 .
537 2645 770 2688 GREGomo
791 2646 1007 2701 capellano
1040 2678 1049 2687 .
1081 2645 1294 2689 LEWARH
1314 2646 1367 2688 ab
1388 2646 1544 2689 DAvm
1568 2680 1576 2689 .
1599 2650 1642 2690 et
1661 2648 1809 2690 multis
1829 2648 1935 2690 aliis.

243 2735 402 2777 Round
423 2736 521 2787 seal,
544 2751 569 2777 a
591 2737 741 2778 seeded
763 2735 1016 2778 fleur-de-lis
1036 2735 1227 2778 between
1248 2740 1332 2779 two
1353 2737 1515 2792 pellets.

750 2830 759 2848 ‘
781 2833 822 2875 -4-
851 2826 1009 2868 sIGILL'
1035 2860 1042 2868 .
1069 2840 1206 2868 HOELI
1231 2861 1238 2869 .
1262 2842 1319 2869 AB
1341 2827 1538 2870 WRVNv.'
