<?xml version="1.0" encoding="UTF-8"?>
<!DOCTYPE html PUBLIC "-//W3C//DTD XHTML 1.0 Transitional//EN"
    "http://www.w3.org/TR/xhtml1/DTD/xhtml1-transitional.dtd">
<html xmlns="http://www.w3.org/1999/xhtml" xml:lang="en" lang="en">
 <head>
  <title>
</title>
<meta http-equiv="Content-Type" content="text/html;charset=utf-8" />
  <meta name='ocr-system' content='tesseract 3.04.00' />
  <meta name='ocr-capabilities' content='ocr_page ocr_carea ocr_par ocr_line ocrx_word'/>
</head>
<body>
  <div class='ocr_page' id='page_1' title='image "./cartaeetaliamuni06claruoft_0313.png"; bbox 0 0 2425 3423; ppageno 0'>
   <div class='ocr_carea' id='block_1_1' title="bbox 1898 280 2011 321">
    <p class='ocr_par' dir='ltr' id='par_1_1' title="bbox 1898 280 2011 321">
     <span class='ocr_line' id='line_1_1' title="bbox 1898 280 2011 321; baseline 0 0"><span class='ocrx_word' id='word_1_1' title='bbox 1898 280 2011 321; x_wconf 82' lang='lat'>2345</span> 
     </span>
    </p>
   </div>
   <div class='ocr_carea' id='block_1_2' title="bbox 125 481 2077 1362">
    <p class='ocr_par' dir='ltr' id='par_1_2' title="bbox 125 481 2070 630">
     <span class='ocr_line' id='line_1_2' title="bbox 125 481 2070 540; baseline 0.002 -14"><span class='ocrx_word' id='word_1_2' title='bbox 125 487 302 539; x_wconf 75' lang='lat' dir='ltr'>possunt</span> <span class='ocrx_word' id='word_1_3' title='bbox 332 483 385 526; x_wconf 88' lang='lat' dir='ltr'>ab</span> <span class='ocrx_word' id='word_1_4' title='bbox 414 483 585 526; x_wconf 92' lang='lat' dir='ltr'>homine</span> <span class='ocrx_word' id='word_1_5' title='bbox 615 482 699 525; x_wconf 92' lang='lat' dir='ltr'>dici</span> <span class='ocrx_word' id='word_1_6' title='bbox 729 482 797 525; x_wconf 88' lang='lat' dir='ltr'>vel</span> <span class='ocrx_word' id='word_1_7' title='bbox 827 481 1058 538; x_wconf 85' lang='lat' dir='ltr'>excogitari</span> <span class='ocrx_word' id='word_1_8' title='bbox 1089 482 1156 525; x_wconf 90' lang='lat' dir='ltr'>vel</span> <span class='ocrx_word' id='word_1_9' title='bbox 1185 482 1373 540; x_wconf 75' lang='lat' dir='ltr'>intelligi</span> <span class='ocrx_word' id='word_1_10' title='bbox 1404 517 1414 526; x_wconf 88' lang='lat'><strong>.</strong></span> <span class='ocrx_word' id='word_1_11' title='bbox 1446 484 1507 527; x_wconf 87' lang='lat' dir='ltr'>ita</span> <span class='ocrx_word' id='word_1_12' title='bbox 1536 488 1586 527; x_wconf 91' lang='lat' dir='ltr'>ut</span> <span class='ocrx_word' id='word_1_13' title='bbox 1625 485 1736 528; x_wconf 91' lang='lat' dir='ltr'>nulli</span> <span class='ocrx_word' id='word_1_14' title='bbox 1764 485 1987 529; x_wconf 89' lang='lat' dir='ltr'>hominum</span> <span class='ocrx_word' id='word_1_15' title='bbox 2017 487 2070 530; x_wconf 91' lang='lat' dir='ltr'>de</span> 
     </span>
     <span class='ocr_line' id='line_1_3' title="bbox 128 573 1156 630; baseline 0 -14"><span class='ocrx_word' id='word_1_16' title='bbox 128 573 271 630; x_wconf 87' lang='lat' dir='ltr'>aliquo</span> <span class='ocrx_word' id='word_1_17' title='bbox 292 574 466 617; x_wconf 87' lang='lat' dir='ltr'>servicio</span> <span class='ocrx_word' id='word_1_18' title='bbox 487 573 667 617; x_wconf 87' lang='lat' dir='ltr'>seculari</span> <span class='ocrx_word' id='word_1_19' title='bbox 687 573 871 616; x_wconf 90' lang='lat' dir='ltr'>debeant</span> <span class='ocrx_word' id='word_1_20' title='bbox 889 573 1156 629; x_wconf 87' lang='lat' dir='ltr'>respondere.</span> 
     </span>
    </p>

    <p class='ocr_par' dir='ltr' id='par_1_3' title="bbox 126 663 2077 1252">
     <span class='ocr_line' id='line_1_4' title="bbox 185 663 2070 721; baseline 0.003 -15"><span class='ocrx_word' id='word_1_21' title='bbox 185 663 369 721; x_wconf 84' lang='lat' dir='ltr'><strong>Insuper</strong></span> <span class='ocrx_word' id='word_1_22' title='bbox 399 680 545 708; x_wconf 90' lang='lat' dir='ltr'>omnes</span> <span class='ocrx_word' id='word_1_23' title='bbox 574 665 823 708; x_wconf 73' lang='lat' dir='ltr'>donationes</span> <span class='ocrx_word' id='word_1_24' title='bbox 856 667 900 707; x_wconf 93' lang='lat' dir='ltr'>et</span> <span class='ocrx_word' id='word_1_25' title='bbox 928 665 1269 708; x_wconf 85' lang='lat' dir='ltr'>confirmationes</span> <span class='ocrx_word' id='word_1_26' title='bbox 1303 666 1550 709; x_wconf 85' lang='lat' dir='ltr'>confirmavi</span> <span class='ocrx_word' id='word_1_27' title='bbox 1584 666 1744 710; x_wconf 91' lang='lat' dir='ltr'>eisdem</span> <span class='ocrx_word' id='word_1_28' title='bbox 1773 668 1990 711; x_wconf 87' lang='lat' dir='ltr'>monachis</span> <span class='ocrx_word' id='word_1_29' title='bbox 2023 668 2070 711; x_wconf 90' lang='lat' dir='ltr'>in</span> 
     </span>
     <span class='ocr_line' id='line_1_5' title="bbox 126 755 2072 814; baseline 0.003 -17"><span class='ocrx_word' id='word_1_30' title='bbox 126 755 250 797; x_wconf 87' lang='lat' dir='ltr'>terris</span> <span class='ocrx_word' id='word_1_31' title='bbox 279 758 322 798; x_wconf 92' lang='lat' dir='ltr'>et</span> <span class='ocrx_word' id='word_1_32' title='bbox 351 755 590 798; x_wconf 74' lang='lat' dir='ltr'>redditibus</span> <span class='ocrx_word' id='word_1_33' title='bbox 620 759 663 798; x_wconf 91' lang='lat' dir='ltr'>et</span> <span class='ocrx_word' id='word_1_34' title='bbox 692 756 738 798; x_wconf 90' lang='lat' dir='ltr'>in</span> <span class='ocrx_word' id='word_1_35' title='bbox 768 755 965 799; x_wconf 88' lang='lat' dir='ltr'>omnibus</span> <span class='ocrx_word' id='word_1_36' title='bbox 994 755 1089 798; x_wconf 89' lang='lat' dir='ltr'>aliis</span> <span class='ocrx_word' id='word_1_37' title='bbox 1117 755 1243 798; x_wconf 90' lang='lat' dir='ltr'>rebus</span> <span class='ocrx_word' id='word_1_38' title='bbox 1272 760 1363 799; x_wconf 88' lang='lat' dir='ltr'>tam</span> <span class='ocrx_word' id='word_1_39' title='bbox 1393 772 1419 799; x_wconf 88' lang='lat' dir='ltr'>a</span> <span class='ocrx_word' id='word_1_40' title='bbox 1447 757 1655 801; x_wconf 81' lang='lat' dir='ltr'>militibus</span> <span class='ocrx_word' id='word_1_41' title='bbox 1682 773 1811 814; x_wconf 87' lang='lat' dir='ltr'>quam</span> <span class='ocrx_word' id='word_1_42' title='bbox 1831 759 1884 802; x_wconf 90' lang='lat' dir='ltr'>ab</span> <span class='ocrx_word' id='word_1_43' title='bbox 1904 759 1999 802; x_wconf 90' lang='lat' dir='ltr'>aliis</span> <span class='ocrx_word' id='word_1_44' title='bbox 2019 760 2072 803; x_wconf 90' lang='lat' dir='ltr'>de</span> 
     </span>
     <span class='ocr_line' id='line_1_6' title="bbox 128 844 2071 893; baseline 0.003 -5"><span class='ocrx_word' id='word_1_45' title='bbox 128 844 257 888; x_wconf 82' lang='lat' dir='ltr'>feudo</span> <span class='ocrx_word' id='word_1_46' title='bbox 276 860 370 888; x_wconf 90' lang='lat' dir='ltr'>meo</span> <span class='ocrx_word' id='word_1_47' title='bbox 402 880 410 888; x_wconf 83' lang='lat'><em>.</em></span> <span class='ocrx_word' id='word_1_48' title='bbox 445 846 516 889; x_wconf 90' lang='lat' dir='ltr'>Ita</span> <span class='ocrx_word' id='word_1_49' title='bbox 536 861 634 889; x_wconf 86' lang='lat' dir='ltr'>vero</span> <span class='ocrx_word' id='word_1_50' title='bbox 655 850 704 889; x_wconf 93' lang='lat' dir='ltr'>ut</span> <span class='ocrx_word' id='word_1_51' title='bbox 724 847 838 889; x_wconf 91' lang='lat' dir='ltr'>idem</span> <span class='ocrx_word' id='word_1_52' title='bbox 867 846 1063 889; x_wconf 85' lang='lat' dir='ltr'>monachi</span> <span class='ocrx_word' id='word_1_53' title='bbox 1093 847 1236 889; x_wconf 89' lang='lat' dir='ltr'>omnia</span> <span class='ocrx_word' id='word_1_54' title='bbox 1266 847 1346 890; x_wconf 86' lang='lat' dir='ltr'>sibi</span> <span class='ocrx_word' id='word_1_55' title='bbox 1377 848 1530 891; x_wconf 91' lang='lat' dir='ltr'>collata</span> <span class='ocrx_word' id='word_1_56' title='bbox 1559 851 1603 891; x_wconf 90' lang='lat' dir='ltr'>et</span> <span class='ocrx_word' id='word_1_57' title='bbox 1632 849 1912 892; x_wconf 81' lang='lat' dir='ltr'>conferrenda</span> <span class='ocrx_word' id='word_1_58' title='bbox 1940 850 2071 893; x_wconf 90' lang='lat' dir='ltr'>libere</span> 
     </span>
     <span class='ocr_line' id='line_1_7' title="bbox 127 936 2072 994; baseline 0.003 -16"><span class='ocrx_word' id='word_1_59' title='bbox 127 938 304 978; x_wconf 82' lang='lat' dir='ltr'>teneant</span> <span class='ocrx_word' id='word_1_60' title='bbox 323 936 370 979; x_wconf 94' lang='lat' dir='ltr'>in</span> <span class='ocrx_word' id='word_1_61' title='bbox 391 952 543 992; x_wconf 88' lang='lat' dir='ltr'>puram</span> <span class='ocrx_word' id='word_1_62' title='bbox 564 940 606 980; x_wconf 94' lang='lat' dir='ltr'>et</span> <span class='ocrx_word' id='word_1_63' title='bbox 625 939 876 993; x_wconf 88' lang='lat' dir='ltr'>perpetuam</span> <span class='ocrx_word' id='word_1_64' title='bbox 896 937 1170 980; x_wconf 86' lang='lat' dir='ltr'>elemosinam</span> <span class='ocrx_word' id='word_1_65' title='bbox 1191 940 1233 981; x_wconf 89' lang='lat' dir='ltr'>et</span> <span class='ocrx_word' id='word_1_66' title='bbox 1263 939 1405 994; x_wconf 86' lang='lat' dir='ltr'>quiete</span> <span class='ocrx_word' id='word_1_67' title='bbox 1436 939 1679 994; x_wconf 83' lang='lat' dir='ltr'>possideant</span> <span class='ocrx_word' id='word_1_68' title='bbox 1711 974 1719 982; x_wconf 95' lang='lat'><strong>.</strong></span> <span class='ocrx_word' id='word_1_69' title='bbox 1753 942 1912 984; x_wconf 89' lang='lat' dir='ltr'>Omnes</span> <span class='ocrx_word' id='word_1_70' title='bbox 1941 941 2072 984; x_wconf 85' lang='lat' dir='ltr'>etiam</span> 
     </span>
     <span class='ocr_line' id='line_1_8' title="bbox 130 1027 2075 1088; baseline 0.003 -19"><span class='ocrx_word' id='word_1_71' title='bbox 130 1027 410 1082; x_wconf 90' lang='lat' dir='ltr'>possessiones</span> <span class='ocrx_word' id='word_1_72' title='bbox 431 1031 473 1070; x_wconf 94' lang='lat' dir='ltr'>et</span> <span class='ocrx_word' id='word_1_73' title='bbox 492 1027 712 1070; x_wconf 83' lang='lat' dir='ltr'>libertates</span> <span class='ocrx_word' id='word_1_74' title='bbox 743 1028 912 1071; x_wconf 79' lang='lat' dir='ltr'>ecclesie</span> <span class='ocrx_word' id='word_1_75' title='bbox 942 1027 1096 1071; x_wconf 85' lang='lat' dir='ltr'>Sancte</span> <span class='ocrx_word' id='word_1_76' title='bbox 1126 1027 1286 1070; x_wconf 77' lang='lat' dir='ltr'>MARIE</span> <span class='ocrx_word' id='word_1_77' title='bbox 1308 1029 1361 1072; x_wconf 91' lang='lat' dir='ltr'>de</span> <span class='ocrx_word' id='word_1_78' title='bbox 1391 1029 1597 1072; x_wconf 78' lang='lat' dir='ltr'><strong>MARGAN</strong></span> <span class='ocrx_word' id='word_1_79' title='bbox 1629 1031 1737 1073; x_wconf 88' lang='lat' dir='ltr'>sieut</span> <span class='ocrx_word' id='word_1_80' title='bbox 1767 1046 1836 1074; x_wconf 88' lang='lat' dir='ltr'>eas</span> <span class='ocrx_word' id='word_1_81' title='bbox 1864 1047 1968 1088; x_wconf 90' lang='lat' dir='ltr'>pure</span> <span class='ocrx_word' id='word_1_82' title='bbox 1998 1047 2075 1088; x_wconf 91' lang='lat' dir='ltr'>pro</span> 
     </span>
     <span class='ocr_line' id='line_1_9' title="bbox 130 1117 2077 1172; baseline 0.004 -13"><span class='ocrx_word' id='word_1_83' title='bbox 130 1132 271 1160; x_wconf 87' lang='lat' dir='ltr'>amore</span> <span class='ocrx_word' id='word_1_84' title='bbox 301 1117 387 1160; x_wconf 90' lang='lat' dir='ltr'>Dei</span> <span class='ocrx_word' id='word_1_85' title='bbox 417 1118 516 1160; x_wconf 92' lang='lat' dir='ltr'>dedi</span> <span class='ocrx_word' id='word_1_86' title='bbox 545 1119 729 1161; x_wconf 79' lang='lat' dir='ltr'>concessi</span> <span class='ocrx_word' id='word_1_87' title='bbox 759 1122 801 1161; x_wconf 93' lang='lat' dir='ltr'>et</span> <span class='ocrx_word' id='word_1_88' title='bbox 832 1119 1090 1172; x_wconf 84' lang='lat' dir='ltr'>confirmavi,</span> <span class='ocrx_word' id='word_1_89' title='bbox 1121 1119 1347 1162; x_wconf 86' lang='lat' dir='ltr'>heredibus</span> <span class='ocrx_word' id='word_1_90' title='bbox 1376 1121 1482 1163; x_wconf 88' lang='lat' dir='ltr'>meis</span> <span class='ocrx_word' id='word_1_91' title='bbox 1512 1124 1554 1164; x_wconf 89' lang='lat' dir='ltr'>et</span> <span class='ocrx_word' id='word_1_92' title='bbox 1585 1121 1889 1165; x_wconf 89' lang='lat' dir='ltr'>successoribus</span> <span class='ocrx_word' id='word_1_93' title='bbox 1913 1138 2077 1166; x_wconf 86' lang='lat' dir='ltr'>conser-</span> 
     </span>
     <span class='ocr_line' id='line_1_10' title="bbox 129 1209 1246 1252; baseline 0.003 -3"><span class='ocrx_word' id='word_1_94' title='bbox 129 1209 290 1250; x_wconf 88' lang='lat' dir='ltr'>vandas</span> <span class='ocrx_word' id='word_1_95' title='bbox 311 1211 354 1250; x_wconf 89' lang='lat' dir='ltr'>et</span> <span class='ocrx_word' id='word_1_96' title='bbox 374 1210 714 1252; x_wconf 89' lang='lat' dir='ltr'>manutenendas</span> <span class='ocrx_word' id='word_1_97' title='bbox 735 1224 861 1252; x_wconf 86' lang='lat' dir='ltr'>causa</span> <span class='ocrx_word' id='word_1_98' title='bbox 882 1209 966 1252; x_wconf 90' lang='lat' dir='ltr'>Dei</span> <span class='ocrx_word' id='word_1_99' title='bbox 987 1210 1246 1252; x_wconf 87' lang='lat' dir='ltr'>comendavi.</span> 
     </span>
    </p>

    <p class='ocr_par' dir='ltr' id='par_1_4' title="bbox 186 1297 2075 1362">
     <span class='ocr_line' id='line_1_11' title="bbox 186 1297 2075 1362; baseline 0.006 -22"><span class='ocrx_word' id='word_1_100' title='bbox 186 1297 253 1340; x_wconf 86' lang='lat' dir='ltr'>Ut</span> <span class='ocrx_word' id='word_1_101' title='bbox 273 1301 417 1341; x_wconf 87' lang='lat' dir='ltr'>autem</span> <span class='ocrx_word' id='word_1_102' title='bbox 446 1314 542 1341; x_wconf 92' lang='lat' dir='ltr'>mea</span> <span class='ocrx_word' id='word_1_103' title='bbox 572 1300 780 1343; x_wconf 86' lang='lat' dir='ltr'>concessio</span> <span class='ocrx_word' id='word_1_104' title='bbox 811 1303 854 1342; x_wconf 88' lang='lat' dir='ltr'>et</span> <span class='ocrx_word' id='word_1_105' title='bbox 885 1300 1147 1343; x_wconf 86' lang='lat' dir='ltr'>confirmatio</span> <span class='ocrx_word' id='word_1_106' title='bbox 1178 1306 1379 1358; x_wconf 87' lang='lat' dir='ltr'>perpetue</span> <span class='ocrx_word' id='word_1_107' title='bbox 1411 1302 1657 1347; x_wconf 88' lang='lat' dir='ltr'>stabilitatis</span> <span class='ocrx_word' id='word_1_108' title='bbox 1686 1305 1815 1349; x_wconf 81' lang='lat' dir='ltr'>robur</span> <span class='ocrx_word' id='word_1_109' title='bbox 1844 1307 2034 1362; x_wconf 82' lang='lat' dir='ltr'>optineat</span> <span class='ocrx_word' id='word_1_110' title='bbox 2066 1342 2075 1352; x_wconf 89' lang='lat'><strong><em>.</em></strong></span> 
     </span>
    </p>
   </div>
   <div class='ocr_carea' id='block_1_3' title="bbox 130 1390 1503 1447">
    <p class='ocr_par' dir='ltr' id='par_1_5' title="bbox 130 1390 1503 1447">
     <span class='ocr_line' id='line_1_12' title="bbox 130 1390 1503 1447; baseline 0.004 -16"><span class='ocrx_word' id='word_1_111' title='bbox 130 1404 225 1432; x_wconf 89' lang='lat' dir='ltr'>eam</span> <span class='ocrx_word' id='word_1_112' title='bbox 245 1390 433 1445; x_wconf 90' lang='lat' dir='ltr'>presenti</span> <span class='ocrx_word' id='word_1_113' title='bbox 454 1391 609 1446; x_wconf 89' lang='lat' dir='ltr'>scripto</span> <span class='ocrx_word' id='word_1_114' title='bbox 631 1405 729 1433; x_wconf 90' lang='lat' dir='ltr'>cum</span> <span class='ocrx_word' id='word_1_115' title='bbox 749 1391 882 1447; x_wconf 87' lang='lat' dir='ltr'>sigilli</span> <span class='ocrx_word' id='word_1_116' title='bbox 904 1392 988 1433; x_wconf 87' lang='lat' dir='ltr'>mei</span> <span class='ocrx_word' id='word_1_117' title='bbox 1010 1392 1274 1447; x_wconf 80' lang='lat' dir='ltr'>appositione</span> <span class='ocrx_word' id='word_1_118' title='bbox 1294 1392 1503 1436; x_wconf 85' lang='lat' dir='ltr'>roboravi.</span> 
     </span>
    </p>
   </div>
   <div class='ocr_carea' id='block_1_4' title="bbox 127 1557 2085 3065">
    <p class='ocr_par' dir='ltr' id='par_1_6' title="bbox 129 1557 2081 1887">
     <span class='ocr_line' id='line_1_13' title="bbox 946 1557 1265 1601; baseline 0.003 -1"><span class='ocrx_word' id='word_1_119' title='bbox 946 1557 1265 1601; x_wconf 80' lang='lat' dir='ltr'><strong>MDOXVIII.</strong></span> 
     </span>
     <span class='ocr_line' id='line_1_14' title="bbox 129 1645 2081 1700; baseline 0.005 -10"><span class='ocrx_word' id='word_1_120' title='bbox 129 1645 345 1690; x_wconf 75' lang='lat' dir='ltr'><strong>GRANT</strong></span> <span class='ocrx_word' id='word_1_121' title='bbox 398 1646 484 1689; x_wconf 86' lang='lat' dir='ltr'>BY</span> <span class='ocrx_word' id='word_1_122' title='bbox 540 1645 796 1690; x_wconf 80' lang='lat' dir='ltr'><strong>THOMAS</strong></span> <span class='ocrx_word' id='word_1_123' title='bbox 851 1647 1165 1691; x_wconf 80' lang='lat' dir='ltr'><strong>GRAMMUS</strong></span> <span class='ocrx_word' id='word_1_124' title='bbox 1219 1649 1294 1692; x_wconf 82' lang='lat' dir='ltr'>TO</span> <span class='ocrx_word' id='word_1_125' title='bbox 1355 1649 1463 1693; x_wconf 80' lang='lat' dir='ltr'>HIS</span> <span class='ocrx_word' id='word_1_126' title='bbox 1529 1651 1834 1697; x_wconf 81' lang='lat' dir='ltr'>BROTHER</span> <span class='ocrx_word' id='word_1_127' title='bbox 1888 1655 2081 1700; x_wconf 72' lang='lat' dir='ltr'>HUGH</span> 
     </span>
     <span class='ocr_line' id='line_1_15' title="bbox 495 1728 1727 1778; baseline 0.006 -7"><span class='ocrx_word' id='word_1_128' title='bbox 495 1728 806 1772; x_wconf 79' lang='lat' dir='ltr'>GRAMMUS</span> <span class='ocrx_word' id='word_1_129' title='bbox 849 1729 927 1772; x_wconf 88' lang='lat' dir='ltr'>OF</span> <span class='ocrx_word' id='word_1_130' title='bbox 968 1730 1144 1773; x_wconf 89' lang='lat' dir='ltr'><strong>LAND</strong></span> <span class='ocrx_word' id='word_1_131' title='bbox 1184 1731 1361 1774; x_wconf 84' lang='lat' dir='ltr'><strong>NEAR</strong></span> <span class='ocrx_word' id='word_1_132' title='bbox 1412 1732 1727 1778; x_wconf 78' lang='lat' dir='ltr'><strong>GOYLAKE.</strong></span> 
     </span>
     <span class='ocr_line' id='line_1_16' title="bbox 848 1827 2021 1887; baseline 0.009 -18"><span class='ocrx_word' id='word_1_133' title='bbox 848 1827 1081 1884; x_wconf 78' lang='lat' dir='ltr'>[MARGAM</span> <span class='ocrx_word' id='word_1_134' title='bbox 1112 1828 1368 1887; x_wconf 63' lang='lat' dir='ltr'>CHARTER]</span> <span class='ocrx_word' id='word_1_135' title='bbox 1813 1835 1859 1878; x_wconf 85' lang='lat' dir='ltr'>O.</span> <span class='ocrx_word' id='word_1_136' title='bbox 1895 1838 2021 1880; x_wconf 82' lang='lat'>1245.</span> 
     </span>
    </p>

    <p class='ocr_par' dir='ltr' id='par_1_7' title="bbox 127 1918 2085 2885">
     <span class='ocr_line' id='line_1_17' title="bbox 188 1918 2085 1975; baseline 0.005 -14"><span class='ocrx_word' id='word_1_137' title='bbox 188 1918 333 1962; x_wconf 82' lang='lat' dir='ltr'>Sciant</span> <span class='ocrx_word' id='word_1_138' title='bbox 363 1922 578 1974; x_wconf 83' lang='lat' dir='ltr'>presentes</span> <span class='ocrx_word' id='word_1_139' title='bbox 610 1922 653 1961; x_wconf 91' lang='lat' dir='ltr'>et</span> <span class='ocrx_word' id='word_1_140' title='bbox 686 1918 823 1961; x_wconf 78' lang='lat' dir='ltr'>futuri</span> <span class='ocrx_word' id='word_1_141' title='bbox 860 1920 974 1974; x_wconf 89' lang='lat' dir='ltr'>quod</span> <span class='ocrx_word' id='word_1_142' title='bbox 1009 1934 1089 1975; x_wconf 90' lang='lat' dir='ltr'>ego</span> <span class='ocrx_word' id='word_1_143' title='bbox 1126 1919 1316 1963; x_wconf 72' lang='lat' dir='ltr'>THoMAs</span> <span class='ocrx_word' id='word_1_144' title='bbox 1353 1921 1582 1964; x_wconf 80' lang='lat' dir='ltr'>GRAMMUS</span> <span class='ocrx_word' id='word_1_145' title='bbox 1622 1925 1796 1968; x_wconf 89' lang='lat' dir='ltr'>consilio</span> <span class='ocrx_word' id='word_1_146' title='bbox 1831 1929 1875 1968; x_wconf 91' lang='lat' dir='ltr'>et</span> <span class='ocrx_word' id='word_1_147' title='bbox 1913 1942 2085 1971; x_wconf 88' lang='lat' dir='ltr'>assensu</span> 
     </span>
     <span class='ocr_line' id='line_1_18' title="bbox 130 2009 2083 2071; baseline 0.006 -19"><span class='ocrx_word' id='word_1_148' title='bbox 130 2009 278 2053; x_wconf 84' lang='lat' dir='ltr'>YsOTE</span> <span class='ocrx_word' id='word_1_149' title='bbox 299 2009 443 2052; x_wconf 81' lang='lat' dir='ltr'>uxoris</span> <span class='ocrx_word' id='word_1_150' title='bbox 462 2025 555 2052; x_wconf 89' lang='lat' dir='ltr'>mee</span> <span class='ocrx_word' id='word_1_151' title='bbox 576 2012 619 2052; x_wconf 95' lang='lat' dir='ltr'>et</span> <span class='ocrx_word' id='word_1_152' title='bbox 639 2010 844 2052; x_wconf 87' lang='lat' dir='ltr'>heredum</span> <span class='ocrx_word' id='word_1_153' title='bbox 865 2026 1058 2053; x_wconf 89' lang='lat' dir='ltr'>meorum</span> <span class='ocrx_word' id='word_1_154' title='bbox 1079 2011 1177 2053; x_wconf 89' lang='lat' dir='ltr'>dedi</span> <span class='ocrx_word' id='word_1_155' title='bbox 1198 2014 1241 2054; x_wconf 88' lang='lat' dir='ltr'>et</span> <span class='ocrx_word' id='word_1_156' title='bbox 1262 2013 1443 2054; x_wconf 85' lang='lat' dir='ltr'>concessi</span> <span class='ocrx_word' id='word_1_157' title='bbox 1463 2016 1506 2055; x_wconf 89' lang='lat' dir='ltr'>et</span> <span class='ocrx_word' id='word_1_158' title='bbox 1526 2013 1606 2056; x_wconf 89' lang='lat' dir='ltr'>hac</span> <span class='ocrx_word' id='word_1_159' title='bbox 1628 2016 1814 2071; x_wconf 89' lang='lat' dir='ltr'>presenti</span> <span class='ocrx_word' id='word_1_160' title='bbox 1843 2021 1959 2061; x_wconf 88' lang='lat' dir='ltr'>carta</span> <span class='ocrx_word' id='word_1_161' title='bbox 1989 2034 2083 2063; x_wconf 89' lang='lat' dir='ltr'>mea</span> 
     </span>
     <span class='ocr_line' id='line_1_19' title="bbox 129 2099 2083 2153; baseline 0.005 -9"><span class='ocrx_word' id='word_1_162' title='bbox 129 2101 375 2144; x_wconf 86' lang='lat' dir='ltr'>confirmavi</span> <span class='ocrx_word' id='word_1_163' title='bbox 411 2099 603 2142; x_wconf 75' lang='lat' dir='ltr'>Hueom</span> <span class='ocrx_word' id='word_1_164' title='bbox 638 2099 866 2143; x_wconf 79' lang='lat' dir='ltr'>GRAMMUS</span> <span class='ocrx_word' id='word_1_165' title='bbox 900 2101 1024 2143; x_wconf 82' lang='lat' dir='ltr'>fratri</span> <span class='ocrx_word' id='word_1_166' title='bbox 1065 2116 1159 2144; x_wconf 91' lang='lat' dir='ltr'>meo</span> <span class='ocrx_word' id='word_1_167' title='bbox 1195 2117 1327 2145; x_wconf 89' lang='lat' dir='ltr'>unam</span> <span class='ocrx_word' id='word_1_168' title='bbox 1361 2118 1501 2145; x_wconf 89' lang='lat' dir='ltr'>acram</span> <span class='ocrx_word' id='word_1_169' title='bbox 1543 2107 1655 2147; x_wconf 88' lang='lat' dir='ltr'>terre</span> <span class='ocrx_word' id='word_1_170' title='bbox 1690 2107 1862 2150; x_wconf 91' lang='lat' dir='ltr'>arabilis</span> <span class='ocrx_word' id='word_1_171' title='bbox 1903 2143 1911 2151; x_wconf 90' lang='lat'><strong>.</strong></span> <span class='ocrx_word' id='word_1_172' title='bbox 1954 2110 2083 2153; x_wconf 90' lang='lat' dir='ltr'>Illam</span> 
     </span>
     <span class='ocr_line' id='line_1_20' title="bbox 127 2191 2081 2254; baseline 0.005 -19"><span class='ocrx_word' id='word_1_173' title='bbox 127 2192 324 2235; x_wconf 86' lang='lat' dir='ltr'>videlicet</span> <span class='ocrx_word' id='word_1_174' title='bbox 352 2207 433 2247; x_wconf 84' lang='lat' dir='ltr'>que</span> <span class='ocrx_word' id='word_1_175' title='bbox 464 2191 578 2248; x_wconf 84' lang='lat' dir='ltr'>jacet</span> <span class='ocrx_word' id='word_1_176' title='bbox 608 2191 736 2248; x_wconf 80' lang='lat' dir='ltr'>juxta</span> <span class='ocrx_word' id='word_1_177' title='bbox 766 2194 924 2234; x_wconf 89' lang='lat' dir='ltr'>terram</span> <span class='ocrx_word' id='word_1_178' title='bbox 952 2191 1201 2236; x_wconf 85' lang='lat' dir='ltr'>WILLELMI</span> <span class='ocrx_word' id='word_1_179' title='bbox 1233 2193 1551 2236; x_wconf 77' lang='lat' dir='ltr'><strong>FRANKELEYN</strong></span> <span class='ocrx_word' id='word_1_180' title='bbox 1587 2195 1633 2237; x_wconf 91' lang='lat' dir='ltr'>in</span> <span class='ocrx_word' id='word_1_181' title='bbox 1667 2196 1863 2240; x_wconf 88' lang='lat' dir='ltr'>orientali</span> <span class='ocrx_word' id='word_1_182' title='bbox 1889 2203 2010 2254; x_wconf 88' lang='lat' dir='ltr'>parte</span> <span class='ocrx_word' id='word_1_183' title='bbox 2038 2204 2081 2244; x_wconf 80' lang='lat' dir='ltr'>et</span> 
     </span>
     <span class='ocr_line' id='line_1_21' title="bbox 129 2282 2081 2346; baseline 0.005 -20"><span class='ocrx_word' id='word_1_184' title='bbox 129 2283 281 2339; x_wconf 89' lang='lat' dir='ltr'>incipit</span> <span class='ocrx_word' id='word_1_185' title='bbox 300 2283 346 2325; x_wconf 91' lang='lat' dir='ltr'>in</span> <span class='ocrx_word' id='word_1_186' title='bbox 366 2286 488 2338; x_wconf 89' lang='lat' dir='ltr'>parte</span> <span class='ocrx_word' id='word_1_187' title='bbox 509 2282 686 2324; x_wconf 80' lang='lat' dir='ltr'>australi</span> <span class='ocrx_word' id='word_1_188' title='bbox 707 2297 732 2324; x_wconf 92' lang='lat' dir='ltr'>a</span> <span class='ocrx_word' id='word_1_189' title='bbox 752 2282 891 2325; x_wconf 85' lang='lat' dir='ltr'>rivulo</span> <span class='ocrx_word' id='word_1_190' title='bbox 913 2283 986 2338; x_wconf 90' lang='lat' dir='ltr'>qui</span> <span class='ocrx_word' id='word_1_191' title='bbox 1008 2283 1165 2326; x_wconf 84' lang='lat' dir='ltr'>dicitur</span> <span class='ocrx_word' id='word_1_192' title='bbox 1187 2283 1404 2326; x_wconf 78' lang='lat' dir='ltr'>GOYLAKE</span> <span class='ocrx_word' id='word_1_193' title='bbox 1421 2287 1464 2327; x_wconf 87' lang='lat' dir='ltr'>et</span> <span class='ocrx_word' id='word_1_194' title='bbox 1480 2287 1674 2329; x_wconf 86' lang='lat' dir='ltr'>extendit</span> <span class='ocrx_word' id='word_1_195' title='bbox 1690 2302 1733 2329; x_wconf 91' lang='lat' dir='ltr'>se</span> <span class='ocrx_word' id='word_1_196' title='bbox 1748 2288 1794 2330; x_wconf 91' lang='lat' dir='ltr'>in</span> <span class='ocrx_word' id='word_1_197' title='bbox 1809 2289 2081 2346; x_wconf 87' lang='lat' dir='ltr'>longitudine</span> 
     </span>
     <span class='ocr_line' id='line_1_22' title="bbox 129 2372 2081 2433; baseline 0.004 -16"><span class='ocrx_word' id='word_1_198' title='bbox 129 2388 263 2429; x_wconf 90' lang='lat' dir='ltr'>usque</span> <span class='ocrx_word' id='word_1_199' title='bbox 283 2374 338 2416; x_wconf 91' lang='lat' dir='ltr'>ad</span> <span class='ocrx_word' id='word_1_200' title='bbox 357 2372 600 2423; x_wconf 77' lang='lat' dir='ltr'>LAcHILUE</span> <span class='ocrx_word' id='word_1_201' title='bbox 624 2407 632 2416; x_wconf 93' lang='lat'>.</span> <span class='ocrx_word' id='word_1_202' title='bbox 655 2377 698 2416; x_wconf 90' lang='lat' dir='ltr'>et</span> <span class='ocrx_word' id='word_1_203' title='bbox 719 2373 908 2416; x_wconf 87' lang='lat' dir='ltr'>eontinet</span> <span class='ocrx_word' id='word_1_204' title='bbox 938 2374 984 2416; x_wconf 90' lang='lat' dir='ltr'>in</span> <span class='ocrx_word' id='word_1_205' title='bbox 1015 2374 1288 2430; x_wconf 85' lang='lat' dir='ltr'>longitudine</span> <span class='ocrx_word' id='word_1_206' title='bbox 1319 2375 1507 2431; x_wconf 89' lang='lat' dir='ltr'>quinque</span> <span class='ocrx_word' id='word_1_207' title='bbox 1537 2376 1681 2433; x_wconf 88' lang='lat' dir='ltr'>virgas</span> <span class='ocrx_word' id='word_1_208' title='bbox 1713 2410 1722 2420; x_wconf 94' lang='lat'><strong><em>.</em></strong></span> <span class='ocrx_word' id='word_1_209' title='bbox 1755 2378 2008 2424; x_wconf 83' lang='lat' dir='ltr'>Tenendum</span> <span class='ocrx_word' id='word_1_210' title='bbox 2038 2385 2081 2425; x_wconf 88' lang='lat' dir='ltr'>et</span> 
     </span>
     <span class='ocr_line' id='line_1_23' title="bbox 128 2463 2082 2528; baseline 0.005 -21"><span class='ocrx_word' id='word_1_211' title='bbox 128 2464 372 2507; x_wconf 88' lang='lat' dir='ltr'>habendum</span> <span class='ocrx_word' id='word_1_212' title='bbox 404 2464 457 2506; x_wconf 90' lang='lat' dir='ltr'>de</span> <span class='ocrx_word' id='word_1_213' title='bbox 483 2478 551 2506; x_wconf 89' lang='lat' dir='ltr'>me</span> <span class='ocrx_word' id='word_1_214' title='bbox 579 2466 622 2506; x_wconf 87' lang='lat' dir='ltr'>et</span> <span class='ocrx_word' id='word_1_215' title='bbox 649 2463 874 2506; x_wconf 87' lang='lat' dir='ltr'>heredibus</span> <span class='ocrx_word' id='word_1_216' title='bbox 903 2464 1010 2506; x_wconf 90' lang='lat' dir='ltr'>meis</span> <span class='ocrx_word' id='word_1_217' title='bbox 1038 2464 1118 2507; x_wconf 90' lang='lat' dir='ltr'>sibi</span> <span class='ocrx_word' id='word_1_218' title='bbox 1148 2467 1192 2507; x_wconf 89' lang='lat' dir='ltr'>et</span> <span class='ocrx_word' id='word_1_219' title='bbox 1216 2465 1443 2508; x_wconf 89' lang='lat' dir='ltr'>heredibus</span> <span class='ocrx_word' id='word_1_220' title='bbox 1468 2466 1555 2508; x_wconf 89' lang='lat' dir='ltr'>suis</span> <span class='ocrx_word' id='word_1_221' title='bbox 1582 2467 1650 2509; x_wconf 89' lang='lat' dir='ltr'>vel</span> <span class='ocrx_word' id='word_1_222' title='bbox 1684 2468 1838 2523; x_wconf 88' lang='lat' dir='ltr'>quibus</span> <span class='ocrx_word' id='word_1_223' title='bbox 1864 2472 2082 2528; x_wconf 88' lang='lat' dir='ltr'>assignare</span> 
     </span>
     <span class='ocr_line' id='line_1_24' title="bbox 129 2554 2079 2609; baseline 0.005 -11"><span class='ocrx_word' id='word_1_224' title='bbox 129 2556 311 2599; x_wconf 87' lang='lat' dir='ltr'>voluerit</span> <span class='ocrx_word' id='word_1_225' title='bbox 352 2588 361 2597; x_wconf 88' lang='lat'><strong>.</strong></span> <span class='ocrx_word' id='word_1_226' title='bbox 403 2554 534 2597; x_wconf 91' lang='lat' dir='ltr'>libere</span> <span class='ocrx_word' id='word_1_227' title='bbox 575 2557 618 2596; x_wconf 88' lang='lat' dir='ltr'>et</span> <span class='ocrx_word' id='word_1_228' title='bbox 658 2554 799 2609; x_wconf 90' lang='lat' dir='ltr'>quiete</span> <span class='ocrx_word' id='word_1_229' title='bbox 838 2555 1055 2598; x_wconf 90' lang='lat' dir='ltr'>reddendo</span> <span class='ocrx_word' id='word_1_230' title='bbox 1089 2555 1190 2598; x_wconf 90' lang='lat' dir='ltr'>inde</span> <span class='ocrx_word' id='word_1_231' title='bbox 1226 2556 1450 2599; x_wconf 89' lang='lat' dir='ltr'>annuatim</span> <span class='ocrx_word' id='word_1_232' title='bbox 1482 2557 1629 2599; x_wconf 88' lang='lat' dir='ltr'>domui</span> <span class='ocrx_word' id='word_1_233' title='bbox 1662 2557 1808 2601; x_wconf 80' lang='lat' dir='ltr'>Sancti</span> <span class='ocrx_word' id='word_1_234' title='bbox 1847 2560 1878 2604; x_wconf 89' lang='lat' dir='ltr'><strong>J</strong></span> <span class='ocrx_word' id='word_1_235' title='bbox 1880 2575 2079 2607; x_wconf 74' lang='lat' dir='ltr'>OHANNrs</span> 
     </span>
     <span class='ocr_line' id='line_1_25' title="bbox 127 2645 2078 2708; baseline 0.005 -19"><span class='ocrx_word' id='word_1_236' title='bbox 127 2646 156 2690; x_wconf 83' lang='lat' dir='ltr'>J</span> <span class='ocrx_word' id='word_1_237' title='bbox 160 2659 507 2688; x_wconf 71' lang='lat' dir='ltr'><strong>EROSOLIMITANI</strong></span> <span class='ocrx_word' id='word_1_238' title='bbox 528 2646 574 2687; x_wconf 91' lang='lat' dir='ltr'>in</span> <span class='ocrx_word' id='word_1_239' title='bbox 594 2645 732 2701; x_wconf 90' lang='lat' dir='ltr'>prima</span> <span class='ocrx_word' id='word_1_240' title='bbox 753 2645 966 2688; x_wconf 90' lang='lat' dir='ltr'>dominica</span> <span class='ocrx_word' id='word_1_241' title='bbox 987 2647 1310 2702; x_wconf 86' lang='lat' dir='ltr'>quadragesime</span> <span class='ocrx_word' id='word_1_242' title='bbox 1341 2662 1478 2690; x_wconf 88' lang='lat' dir='ltr'>unum</span> <span class='ocrx_word' id='word_1_243' title='bbox 1508 2648 1730 2691; x_wconf 87' lang='lat' dir='ltr'>denarium</span> <span class='ocrx_word' id='word_1_244' title='bbox 1753 2683 1761 2692; x_wconf 95' lang='lat'><strong>.</strong></span> <span class='ocrx_word' id='word_1_245' title='bbox 1786 2653 1828 2693; x_wconf 91' lang='lat' dir='ltr'>et</span> <span class='ocrx_word' id='word_1_246' title='bbox 1848 2653 1904 2694; x_wconf 90' lang='lat' dir='ltr'>ad</span> <span class='ocrx_word' id='word_1_247' title='bbox 1922 2655 2078 2708; x_wconf 87' lang='lat' dir='ltr'>pascha</span> 
     </span>
     <span class='ocr_line' id='line_1_26' title="bbox 128 2735 2078 2793; baseline 0.004 -13"><span class='ocrx_word' id='word_1_248' title='bbox 128 2737 236 2780; x_wconf 83' lang='lat' dir='ltr'>mihi</span> <span class='ocrx_word' id='word_1_249' title='bbox 260 2739 302 2779; x_wconf 93' lang='lat' dir='ltr'>et</span> <span class='ocrx_word' id='word_1_250' title='bbox 321 2735 547 2778; x_wconf 90' lang='lat' dir='ltr'>heredibus</span> <span class='ocrx_word' id='word_1_251' title='bbox 566 2735 671 2778; x_wconf 90' lang='lat' dir='ltr'>meis</span> <span class='ocrx_word' id='word_1_252' title='bbox 695 2750 829 2778; x_wconf 91' lang='lat' dir='ltr'>unum</span> <span class='ocrx_word' id='word_1_253' title='bbox 856 2736 1080 2779; x_wconf 88' lang='lat' dir='ltr'>denarium</span> <span class='ocrx_word' id='word_1_254' title='bbox 1103 2752 1179 2793; x_wconf 94' lang='lat' dir='ltr'>pro</span> <span class='ocrx_word' id='word_1_255' title='bbox 1200 2737 1317 2779; x_wconf 89' lang='lat' dir='ltr'>omni</span> <span class='ocrx_word' id='word_1_256' title='bbox 1343 2738 1515 2781; x_wconf 87' lang='lat' dir='ltr'>servicio</span> <span class='ocrx_word' id='word_1_257' title='bbox 1547 2742 1590 2782; x_wconf 91' lang='lat' dir='ltr'>et</span> <span class='ocrx_word' id='word_1_258' title='bbox 1617 2741 1794 2783; x_wconf 89' lang='lat' dir='ltr'>seculari</span> <span class='ocrx_word' id='word_1_259' title='bbox 1821 2743 2032 2787; x_wconf 88' lang='lat' dir='ltr'>demanda</span> <span class='ocrx_word' id='word_1_260' title='bbox 2067 2778 2078 2789; x_wconf 88' lang='lat'><strong>.</strong></span> 
     </span>
     <span class='ocr_line' id='line_1_27' title="bbox 130 2826 1607 2885; baseline 0.001 -14"><span class='ocrx_word' id='word_1_261' title='bbox 130 2828 186 2871; x_wconf 89' lang='lat' dir='ltr'>In</span> <span class='ocrx_word' id='word_1_262' title='bbox 206 2827 333 2882; x_wconf 88' lang='lat' dir='ltr'>hujus</span> <span class='ocrx_word' id='word_1_263' title='bbox 352 2827 415 2869; x_wconf 93' lang='lat' dir='ltr'>rei</span> <span class='ocrx_word' id='word_1_264' title='bbox 434 2826 725 2869; x_wconf 88' lang='lat' dir='ltr'>testimonium</span> <span class='ocrx_word' id='word_1_265' title='bbox 747 2826 846 2869; x_wconf 84' lang='lat' dir='ltr'>huic</span> <span class='ocrx_word' id='word_1_266' title='bbox 867 2827 1021 2883; x_wconf 82' lang='lat' dir='ltr'>scripto</span> <span class='ocrx_word' id='word_1_267' title='bbox 1043 2828 1234 2884; x_wconf 90' lang='lat' dir='ltr'>sigillum</span> <span class='ocrx_word' id='word_1_268' title='bbox 1253 2843 1396 2870; x_wconf 91' lang='lat' dir='ltr'>meum</span> <span class='ocrx_word' id='word_1_269' title='bbox 1418 2830 1607 2885; x_wconf 88' lang='lat' dir='ltr'>apposui.</span> 
     </span>
    </p>

    <p class='ocr_par' dir='ltr' id='par_1_8' title="bbox 131 2916 2074 3065">
     <span class='ocr_line' id='line_1_28' title="bbox 186 2916 2074 2972; baseline 0.006 -12"><span class='ocrx_word' id='word_1_270' title='bbox 186 2918 290 2961; x_wconf 87' lang='lat' dir='ltr'>Hiis</span> <span class='ocrx_word' id='word_1_271' title='bbox 308 2917 487 2960; x_wconf 88' lang='lat' dir='ltr'>testibus</span> <span class='ocrx_word' id='word_1_272' title='bbox 509 2952 518 2960; x_wconf 91' lang='lat'>.</span> <span class='ocrx_word' id='word_1_273' title='bbox 542 2916 775 2961; x_wconf 81' lang='lat' dir='ltr'>WALTERO</span> <span class='ocrx_word' id='word_1_274' title='bbox 796 2916 957 2960; x_wconf 84' lang='lat' dir='ltr'>LUVEL</span> <span class='ocrx_word' id='word_1_275' title='bbox 981 2951 990 2960; x_wconf 86' lang='lat'><strong>.</strong></span> <span class='ocrx_word' id='word_1_276' title='bbox 1017 2918 1221 2961; x_wconf 80' lang='lat' dir='ltr'>R1cARDo</span> <span class='ocrx_word' id='word_1_277' title='bbox 1242 2919 1391 2962; x_wconf 88' lang='lat' dir='ltr'>clerico</span> <span class='ocrx_word' id='word_1_278' title='bbox 1423 2954 1431 2962; x_wconf 88' lang='lat'><strong>.</strong></span> <span class='ocrx_word' id='word_1_279' title='bbox 1466 2919 1724 2966; x_wconf 82' lang='lat' dir='ltr'>WILLELMO</span> <span class='ocrx_word' id='word_1_280' title='bbox 1755 2925 1807 2967; x_wconf 91' lang='lat' dir='ltr'>de</span> <span class='ocrx_word' id='word_1_281' title='bbox 1839 2925 2041 2971; x_wconf 82' lang='lat' dir='ltr'>CORNELI</span> <span class='ocrx_word' id='word_1_282' title='bbox 2065 2962 2074 2972; x_wconf 93' lang='lat'>.</span> 
     </span>
     <span class='ocr_line' id='line_1_29' title="bbox 131 3006 2072 3065; baseline 0.005 -13"><span class='ocrx_word' id='word_1_283' title='bbox 131 3008 388 3053; x_wconf 85' lang='lat' dir='ltr'>WILLELMO</span> <span class='ocrx_word' id='word_1_284' title='bbox 405 3006 522 3050; x_wconf 81' lang='lat' dir='ltr'>COLE</span> <span class='ocrx_word' id='word_1_285' title='bbox 541 3042 549 3050; x_wconf 94' lang='lat'>.</span> <span class='ocrx_word' id='word_1_286' title='bbox 568 3008 819 3065; x_wconf 80' lang='lat' dir='ltr'>HUGO[NE]</span> <span class='ocrx_word' id='word_1_287' title='bbox 839 3008 1062 3053; x_wconf 85' lang='lat' dir='ltr'><strong>WALENSI</strong></span> <span class='ocrx_word' id='word_1_288' title='bbox 1081 3044 1089 3053; x_wconf 91' lang='lat'><strong>.</strong></span> <span class='ocrx_word' id='word_1_289' title='bbox 1108 3010 1366 3054; x_wconf 84' lang='lat' dir='ltr'>WILLELMO</span> <span class='ocrx_word' id='word_1_290' title='bbox 1383 3012 1701 3057; x_wconf 66' lang='lat' dir='ltr'><strong>FRANKELEYN</strong></span> <span class='ocrx_word' id='word_1_291' title='bbox 1716 3048 1726 3059; x_wconf 92' lang='lat'><strong>.</strong></span> <span class='ocrx_word' id='word_1_292' title='bbox 1744 3019 1787 3059; x_wconf 89' lang='lat' dir='ltr'>et</span> <span class='ocrx_word' id='word_1_293' title='bbox 1801 3017 1949 3060; x_wconf 87' lang='lat' dir='ltr'>multis</span> <span class='ocrx_word' id='word_1_294' title='bbox 1965 3019 2072 3063; x_wconf 89' lang='lat' dir='ltr'>aliis.</span> 
     </span>
    </p>
   </div>
   <div class='ocr_carea' id='block_1_5' title="bbox 190 3098 1782 3156">
    <p class='ocr_par' dir='ltr' id='par_1_9' title="bbox 190 3098 1782 3156">
     <span class='ocr_line' id='line_1_30' title="bbox 190 3098 1782 3156; baseline 0.003 -13"><span class='ocrx_word' id='word_1_295' title='bbox 190 3100 289 3143; x_wconf 83' lang='lat' dir='ltr'>Seal</span> <span class='ocrx_word' id='word_1_296' title='bbox 309 3099 354 3143; x_wconf 76' lang='lat' dir='ltr'>of</span> <span class='ocrx_word' id='word_1_297' title='bbox 384 3098 570 3142; x_wconf 82' lang='lat' dir='ltr'>Thomas</span> <span class='ocrx_word' id='word_1_298' title='bbox 592 3099 833 3152; x_wconf 71' lang='lat' dir='ltr'>Grmmus,</span> <span class='ocrx_word' id='word_1_299' title='bbox 856 3114 986 3156; x_wconf 88' lang='lat' dir='ltr'>green</span> <span class='ocrx_word' id='word_1_300' title='bbox 1008 3115 1117 3154; x_wconf 87' lang='lat' dir='ltr'>wax,</span> <span class='ocrx_word' id='word_1_301' title='bbox 1140 3116 1185 3144; x_wconf 89' lang='lat' dir='ltr'>as</span> <span class='ocrx_word' id='word_1_302' title='bbox 1206 3102 1424 3146; x_wconf 89' lang='lat' dir='ltr'>described</span> <span class='ocrx_word' id='word_1_303' title='bbox 1444 3104 1490 3146; x_wconf 92' lang='lat' dir='ltr'>in</span> <span class='ocrx_word' id='word_1_304' title='bbox 1511 3104 1595 3148; x_wconf 92' lang='lat' dir='ltr'>No.</span> <span class='ocrx_word' id='word_1_305' title='bbox 1629 3120 1782 3149; x_wconf 87' lang='lat' dir='ltr'><strong>DchX.</strong></span> 
     </span>
    </p>
   </div>
   <div class='ocr_carea' id='block_1_6' title="bbox 334 3239 423 3274">
    <p class='ocr_par' dir='ltr' id='par_1_10' title="bbox 334 3239 423 3274">
     <span class='ocr_line' id='line_1_31' title="bbox 334 3239 423 3274; baseline 0 -1"><span class='ocrx_word' id='word_1_306' title='bbox 334 3239 423 3274; x_wconf 68' lang='lat'>121*</span> 
     </span>
    </p>
   </div>
  </div>
 </body>
</html>
