2425 3423
317 316 431 357 2390

260 522 390 564 finem
411 527 453 565 et
481 522 714 564 terminum
745 520 970 576 sexaginta
998 535 1208 563 annorum
1239 524 1396 563 extunc
1425 520 1617 576 proxime
1647 520 1920 575 sequencium
1949 522 1992 562 et
2021 519 2211 575 plenarie

258 613 616 668 complendorum.
682 612 919 654 Reddendo
940 611 1164 654 annuatim
1185 611 1330 654 abbati
1350 616 1392 654 et
1424 611 1652 654 conventui
1673 614 1715 653 et
1741 625 1887 653 eorum
1908 609 2212 653 successoribus

257 719 334 759 pro
356 703 545 759 predicta
565 704 803 745 reversione
824 702 1003 758 grang-ie
1024 702 1247 745 duodecim
1278 706 1321 745 et
1351 703 1578 745 dimidium
1609 717 1807 745 cranocos
1837 702 1954 744 ordei
1984 702 2082 757 puri
2113 701 2209 744 sicci

255 795 362 838 bene
384 795 594 837 ventulati
615 799 657 836 et
677 809 774 837 cum
794 809 993 836 mensura
1012 793 1143 850 legali
1162 794 1396 837 mensurati
1419 829 1427 836 .
1450 793 1517 836 Ac
1538 794 1671 836 eciam
1691 794 1909 836 reddendo
1929 808 2006 849 pro
2020 793 2209 849 predicto

258 890 502 928 tenemento
524 885 646 928 Meus
668 885 834 927 MELYN
861 889 902 926 et
925 883 1019 926 Gn
1040 883 1187 926 LLom
1208 885 1432 927 annuatim
1453 885 1652 940 predictis
1673 883 1819 926 abbati
1852 891 1892 926 et
1915 883 2146 926 conventui
2166 887 2208 926 et

255 992 405 1020 eorum
426 976 730 1018 successoribus
751 990 823 1018 sex
845 975 1001 1017 solidos
1021 979 1063 1017 et
1084 979 1177 1018 octo
1201 975 1396 1017 denarios
1426 976 1730 1031 sterlingorum
1763 1009 1770 1017 .
1806 974 1994 1031 Insuper
2022 975 2213 1031 predicta

258 1068 541 1111 GWLADUSSA
563 1067 737 1110 heredes
758 1073 801 1109 et
821 1067 1027 1123 assignati
1057 1067 1122 1108 sui
1154 1082 1298 1108 omnes
1329 1068 1475 1109 domos
1506 1067 1664 1110 ibidem
1696 1066 1971 1122 reparabunt,
2003 1070 2211 1109 sustenta-

252 1159 374 1210 bunt,
407 1163 449 1201 et
479 1159 833 1210 manutenebunt,
864 1165 954 1200 tam
983 1158 1028 1200 in
1061 1158 1194 1199 muris
1223 1173 1352 1213 quam
1384 1158 1427 1200 in
1463 1158 1737 1214 coopertorijs
1768 1162 1810 1200 et
1840 1158 1886 1200 in
1919 1158 2002 1200 fine
2033 1158 2207 1200 termini

255 1251 435 1307 predicti
457 1251 502 1292 in
524 1250 634 1292 bono
666 1254 780 1292 statu
810 1249 1045 1301 dimittent,
1076 1249 1347 1305 percipiendo
1381 1249 1657 1292 merhemium
1689 1249 1898 1292 sufficiens
1929 1250 1983 1291 ad
2019 1263 2142 1291 vsum
2172 1252 2215 1291 et

254 1343 547 1384 necessitatem
579 1341 690 1383 dicte
721 1341 970 1383 reversionis
1000 1340 1180 1396 grangie
1211 1355 1285 1396 per
1316 1341 1452 1382 visum
1483 1345 1524 1382 et
1564 1340 1863 1382 liberacionem
1894 1339 2213 1382 foresteriorum

254 1435 321 1477 vel
363 1434 479 1476 illius
520 1433 594 1489 qui
635 1432 764 1475 abbas
800 1433 980 1474 voluerit
1021 1432 1237 1487 assignare
1289 1466 1297 1473 .
1351 1431 1410 1472 Et
1451 1432 1485 1473 si
1525 1432 1740 1487 predictus
1782 1431 1980 1473 annualis
2019 1431 2213 1474 redditus

256 1540 487 1581 granorum
509 1529 551 1567 et
573 1540 644 1567 sex
667 1525 898 1567 solidorum
919 1530 960 1566 et
983 1528 1075 1566 octo
1096 1524 1367 1565 denariorum
1394 1527 1531 1565 aretro
1561 1523 1692 1565 fuerit
1723 1523 1767 1564 in
1799 1530 1919 1578 parte
1947 1523 2016 1565 vel
2046 1523 2092 1564 in
2120 1526 2213 1566 toto

255 1622 413 1659 extunc
448 1616 615 1658 licitum
649 1617 703 1658 sit
736 1616 849 1658 dicto
882 1615 1027 1658 abbati
1067 1619 1110 1656 et
1137 1613 1413 1670 conventu[i]
1446 1619 1488 1656 et
1522 1629 1666 1656 eorum
1695 1614 2002 1656 successoribus
2025 1614 2072 1656 in
2101 1614 2215 1656 dicta

248 1709 487 1751 reversione
509 1708 689 1764 grangie
709 1707 978 1763 distringere,
1001 1715 1042 1748 et
1073 1706 1359 1748 districciones
1389 1704 1548 1747 ibidem
1581 1708 1723 1761 captas
1754 1705 1961 1747 abducere
1991 1709 2206 1760 asportare

256 1806 297 1843 et
326 1816 455 1856 penes
486 1815 528 1842 se
558 1800 753 1850 retinere,
785 1799 917 1841 donec
948 1798 1007 1840 eis
1038 1798 1226 1853 plenarie
1257 1797 1389 1839 fuerit
1419 1797 1698 1839 satisfactum.
1761 1796 1828 1839 Ac
1859 1797 1993 1839 eciam
2024 1797 2214 1852 predicta

255 1892 537 1934 GWLAnussA
560 1891 735 1933 heredes
756 1894 798 1932 et
818 1890 1024 1946 assignati
1045 1889 1110 1931 sui
1131 1889 1352 1930 invenient
1372 1888 1638 1943 jentaculum
1670 1903 1746 1943 pro
1777 1894 1991 1930 conventu
2022 1889 2068 1930 in
2099 1888 2213 1930 dicta

255 1984 440 2039 grangia
458 1983 648 2038 quolibet
669 1997 781 2024 anno
798 1982 979 2023 durante
1001 1981 1183 2023 termino
1205 1980 1393 2035 predicto
1425 2014 1432 2021 .
1465 1979 1658 2023 Vlterius
1678 1979 1755 2021 hec
1775 1980 2008 2021 indentura
2030 1983 2210 2021 testatur

258 2076 372 2130 quod
403 2075 569 2116 licitum
601 2075 654 2116 sit
696 2073 894 2129 predictis
933 2073 1077 2115 abbati
1118 2077 1157 2114 et
1200 2072 1427 2114 conventui
1458 2075 1500 2112 et
1536 2086 1682 2112 eorum
1719 2071 2029 2114 successoribus
2060 2070 2215 2114 habere

259 2166 558 2207 aisiamentum
590 2165 754 2206 viarum
787 2179 805 2205 s
838 2198 846 2205 .
882 2198 889 2205 .
924 2163 1019 2205 feod
1052 2197 1059 2204 .
1096 2197 1102 2204 .
1138 2163 1248 2204 dicte
1279 2162 1458 2217 grangie
1489 2162 1544 2203 ad
1576 2161 1821 2203 cariendum
1854 2161 2001 2216 glebas
2034 2176 2131 2204 suas
2160 2162 2215 2203 ad

260 2272 377 2299 mare
397 2257 639 2310 ubicunque
661 2261 703 2297 et
724 2255 1062 2310 quandocunque
1091 2254 1302 2295 voluerint
1333 2259 1375 2294 et
1403 2266 1568 2294 necesse
1598 2252 1729 2294 fuerit
1760 2252 1849 2294 sine
1881 2253 2215 2295 contradiccione

261 2349 607 2405 grangiariorum
648 2347 809 2389 ibidem
856 2348 1037 2388 durante
1084 2346 1267 2387 termino
1309 2344 1496 2399 predicto
1543 2377 1550 2383 .
1604 2343 1664 2385 Et
1706 2344 1895 2398 predicta
1937 2344 2215 2386 GWLADUSSA

263 2440 437 2482 heredes
473 2447 514 2480 et
553 2439 757 2494 assignati
791 2438 856 2480 sui
893 2438 1056 2479 solvent
1089 2438 1144 2478 ad
1180 2438 1418 2492 ingressum
1455 2434 1687 2489 quemlibet
1716 2449 1790 2489 per
1821 2450 1863 2476 se
1897 2435 2085 2477 seriatim
2111 2436 2218 2477 duos

267 2532 421 2574 solidos
452 2530 625 2572 heriotti
656 2531 890 2571 secundum
920 2528 1269 2570 consuetudinem
1309 2525 1488 2581 manerij
1536 2559 1543 2567 .
1588 2524 1643 2566 In
1675 2525 1799 2580 cujus
1828 2527 1890 2567 rei
1922 2526 2218 2568 testimonium

264 2623 397 2678 hujus
418 2623 646 2663 indenture
667 2619 858 2675 partibus
879 2619 1022 2676 sigilla
1042 2619 1230 2674 partium
1251 2618 1537 2672 predictarum
1558 2616 1804 2657 alternatim
1827 2620 1926 2658 sunt
1947 2631 2145 2672 appensa.

324 2714 487 2756 Datum
511 2716 661 2768 quarto
684 2711 753 2752 die
770 2709 993 2765 Februarij
1014 2724 1126 2751 anno
1142 2709 1265 2764 regni
1282 2707 1416 2763 Regis
1437 2706 1642 2748 HElech
1665 2707 1803 2749 octavi
1824 2711 1920 2762 post
1940 2712 2217 2763 conquestum

268 2812 427 2847 octavo.
