2425 3423
1903 245 2017 286 2363

935 597 1280 641 MDCXXXII.

128 708 342 752 ROYAL
381 707 552 753 WRIT
592 707 668 750 ΤΟ
709 706 937 750 HENRY
984 706 1068 749 DE
1115 707 1535 752 UMFREVILLE
1583 706 1718 750 AND
1762 707 1947 750 ADAM
1990 708 2071 751 LE

179 799 409 845 WALSH
444 799 566 843 FOR
597 798 1051 843 PROVISIONING
1085 798 1215 842 THE
1251 798 1484 842 OASTLE
1518 797 1596 840 OF
1627 797 2050 842 GAERPHILLY.

595 905 723 963 [PAT.
757 906 866 948 RoT.
935 907 989 947 20
1021 905 1149 947 Enw.
1181 904 1245 947 II.
1309 904 1500 947 MEMBR.
1537 904 1602 962 6.]

1293 988 1347 1028 29
1380 987 1482 1030 OcT.
1542 989 1598 1029 20
1630 988 1758 1030 Enw.
1792 987 1856 1030 II.
1920 989 2043 1031 1326.

181 1097 277 1139 Rex
309 1097 474 1139 dilectis
508 1099 550 1138 et
580 1095 775 1138 fidelibus
811 1096 896 1138 suis
928 1095 1142 1137 HEcho
1175 1096 1226 1137 de
1257 1095 1568 1137 UMFREVILLE
1602 1099 1643 1137 et
1674 1095 1790 1138 ADAE
1829 1095 1868 1137 le
1899 1095 2075 1139 WALsH

129 1188 323 1231 salutem.

182 1278 441 1320 Mandamus
461 1277 579 1320 vobis
599 1277 777 1319 firmiter
796 1277 1076 1333 injungentes
1097 1277 1210 1332 quod
1232 1277 1377 1319 statim
1398 1277 1498 1319 visis
1519 1276 1783 1332 presentibus
1811 1277 1856 1318 in
1880 1276 2076 1319 omnibus

120 1369 221 1411 locis
241 1369 288 1410 in
309 1372 420 1410 terra
442 1369 494 1410 de
518 1367 833 1410 GLOUMORGAN
857 1370 899 1409 et
919 1367 1111 1423 partibus
1142 1368 1437 1423 adjacentibus
1467 1368 1541 1410 ubi
1573 1367 1772 1423 expedire
1802 1367 1994 1410 videritis
2023 1383 2077 1410 ex

122 1463 243 1515 parte
265 1464 410 1501 nostra
431 1458 569 1500 facere
599 1457 767 1513 publice
798 1459 1048 1513 proclamari
1081 1460 1194 1514 quod
1225 1473 1369 1501 omnes
1390 1462 1641 1501 mercatores
1672 1463 1714 1501 et
1745 1459 1818 1501 alii
1849 1459 1923 1515 qui
1952 1458 2082 1501 blada

118 1565 275 1606 panem
296 1549 518 1591 cervisiam
539 1563 684 1591 carnes
704 1549 838 1604 pisces
859 1564 932 1591 seu
953 1549 1037 1591 alia
1059 1549 1260 1592 victualia
1292 1566 1541 1606 quecunque
1571 1553 1754 1594 vendere
1785 1550 2080 1594 consueverint

120 1657 194 1684 seu
230 1641 444 1684 voluerint
485 1656 534 1682 ea
573 1641 628 1682 ad
669 1644 854 1682 castrum
904 1642 956 1682 de
1006 1641 1248 1684 KERFILLY
1288 1641 1362 1684 ubi
1401 1657 1563 1684 moram
1605 1643 1785 1686 facimus
1825 1658 1922 1685 cum
1965 1643 2082 1686 omni

122 1732 400 1775 festinacione
422 1733 581 1774 ducant
602 1737 644 1773 et
665 1732 764 1774 duci
795 1732 953 1774 faciant
973 1732 1133 1774 ibidem
1162 1733 1386 1775 vendenda
1415 1748 1491 1789 pro
1522 1735 1831 1776 sustentacione
1862 1737 2006 1777 nostra
2036 1737 2078 1777 et

121 1823 313 1866 fidelium
333 1829 576 1865 nostrorum
597 1823 817 1865 nobiscum
837 1822 997 1865 ibidem
1018 1824 1386 1876 commorancium,
1407 1824 1520 1879 ipsos
1550 1827 1800 1867 mercatores
1830 1828 1872 1867 et
1901 1825 2005 1867 alios
2026 1825 2081 1867 ad

121 1915 198 1956 hoc
219 1914 299 1956 viis
321 1919 363 1956 et
385 1914 521 1956 modis
542 1914 697 1969 quibus
717 1914 911 1969 poteritis
933 1914 1236 1969 compellendo,
1259 1914 1456 1957 omnibus
1486 1918 1529 1956 et
1559 1915 1740 1971 singulis
1760 1916 2003 1958 inhibentes
2023 1931 2078 1959 ne

126 2006 200 2060 qui
222 2005 299 2047 sub
320 2019 494 2061 gravem
527 2004 845 2046 forisfacturam
874 2008 1062 2046 nostram
1093 2003 1268 2061 feria[s]
1303 2020 1376 2046 seu
1406 2007 1591 2047 mercata
1622 2005 1778 2048 alicubi
1808 2010 1984 2048 teneant
2015 2007 2081 2050 vel

130 2097 273 2152 aliqua
288 2096 537 2152 hujusmodi
558 2095 761 2137 victualia
783 2096 974 2137 vendant
995 2111 1068 2137 seu
1089 2095 1218 2137 vendi
1233 2096 1395 2138 faciant
1410 2095 1493 2137 nisi
1510 2097 1624 2151 apud
1641 2100 1824 2139 castrum
1840 2099 2082 2153 predictum

126 2188 230 2229 dum
250 2186 411 2229 ibidem
425 2186 653 2242 contigerit
676 2200 753 2228 nos
768 2186 936 2228 morari.
986 2186 1152 2228 Damus
1168 2189 1311 2228 autem
1329 2185 1447 2228 vobis
1462 2187 1636 2241 plenam
1653 2190 1798 2230 tenore
1815 2189 2080 2243 presencium

125 2281 382 2334 potestatem
418 2292 564 2319 omnes
604 2277 700 2318 illos
740 2291 844 2332 quos
871 2277 917 2319 in
957 2277 1036 2318 hac
1087 2280 1206 2333 parte
1247 2277 1477 2319 contrarios
1526 2278 1774 2320 inveneritis
1823 2283 1865 2321 et
1904 2279 2082 2322 rebelles

124 2369 364 2425 castigandi
386 2371 428 2411 et
448 2368 656 2424 puniendi
678 2371 805 2424 prout
825 2368 952 2423 juxta
973 2368 1248 2410 discreciones
1280 2371 1437 2410 vestras
1457 2368 1547 2410 fore
1580 2368 1772 2411 videritis
1792 2369 2038 2412 faciendum
2071 2405 2079 2412 .

126 2459 387 2502 Mandamus
416 2460 591 2514 insuper
620 2458 939 2501 vicecomitibus
968 2458 1138 2501 ballivis
1167 2459 1374 2501 ministris
1403 2461 1445 2501 et
1476 2459 1673 2501 omnibus
1703 2459 1901 2502 fidelibus
1929 2462 2084 2504 nostris

121 2551 235 2605 quod
268 2550 388 2592 vobis
423 2554 465 2592 et
497 2550 623 2592 alteri
655 2555 873 2592 vestorum
906 2550 984 2592 sub
1016 2565 1190 2606 gravem
1221 2550 1537 2592 forisfacturam
1569 2553 1757 2592 nostram
1785 2551 1831 2592 in
1868 2552 2081 2607 premissis

128 2639 324 2681 omnibus
346 2642 388 2681 et
410 2640 594 2695 singulis
615 2639 887 2683 intendentes
909 2641 995 2683 sint
1011 2641 1279 2683 consulentes
1296 2644 1338 2683 et
1355 2640 1610 2683 auxiliantes
1627 2641 1825 2696 quociens
1846 2645 1888 2684 et
1909 2644 2082 2698 quando

124 2744 198 2785 per
228 2745 302 2772 vos
331 2731 398 2772 vel
420 2730 602 2773 alterum
623 2746 676 2772 ex
697 2734 819 2786 parte
839 2735 985 2774 nostra
1006 2732 1168 2774 fuerint
1183 2731 1430 2787 premuniti.
1493 2731 1549 2773 In
1570 2731 1707 2787 eujus,
1730 2734 1806 2774 etc.

180 2820 306 2863 Teste
329 2820 450 2876 Rege
471 2822 586 2877 apud
608 2820 851 2863 KERFILLY
884 2855 893 2864 .
925 2836 1050 2864 xxlx.
1087 2855 1095 2863 .
1127 2822 1196 2864 die
1218 2821 1424 2864 Octobris.
1578 2821 1662 2864 Per
1681 2822 1821 2878 ipsum
1842 2822 2021 2879 Regem.

619 2911 694 2947 (See
714 2912 786 2941 also
815 2912 906 2942 Arch.
926 2912 1058 2949 Cambr„
1074 2912 1131 2941 5th
1147 2912 1260 2949 Series,
1278 2912 1351 2941 Vol.
1368 2911 1427 2942 IV.
1443 2921 1475 2950 p.
1500 2912 1581 2950 172.)
