2425 3423
1874 252 1985 294 2375

89 469 286 511 masculis
307 469 360 512 de
387 483 558 525 corpore
580 483 654 510 suo
675 466 868 523 legitime
888 465 1117 521 procreatis
1150 497 1157 505 .
1192 463 1456 507 Habendum
1477 466 1520 505 et
1539 463 1774 505 tenendum
1795 462 1847 504 de
1868 460 2041 516 capitali

94 560 266 602 domino
287 560 404 602 feodi
434 559 551 601 illius
578 574 654 614 per
678 557 871 600 redditus
898 562 940 598 et
965 554 1142 597 servicia
1161 555 1261 596 inde
1283 553 1427 597 debita
1447 557 1488 596 et
1517 554 1569 595 de
1590 552 1686 608 jure
1713 555 1912 594 consueta
1933 550 2041 592 sicut

94 650 333 706 predictum
354 654 417 692 est
437 649 753 705 imperpetuum
786 681 794 689 .
828 646 1066 689 Reddendo
1096 645 1321 687 annuatim
1346 645 1436 700 ipse
1461 644 1694 687 RICARDUS
1715 647 1758 685 et
1775 642 1951 685 heredes
1978 640 2044 683 sui

94 740 271 783 masculi
323 741 376 783 de
428 755 599 795 corpore
640 753 715 781 suo
765 737 956 793 legitime
1001 737 1210 791 procreati
1260 735 1389 778 michi
1437 736 1492 778 ad
1540 735 1771 777 terminum
1822 734 1903 775 vite
1950 747 2043 774 mee

95 831 381 888 quadraginta
402 831 532 874 libras
553 830 856 886 sterlingorum
877 829 932 870 ad
953 828 1063 870 festa
1084 827 1231 870 Sancti
1252 827 1513 869 MchAEms
1529 829 1571 868 et
1587 825 1765 868 PAsan
1782 840 1857 881 per
1872 823 2044 879 equales

96 924 315 979 porciones
336 923 602 965 dividendas.

154 1013 216 1056 Et
237 1015 271 1055 si
292 1014 515 1069 contingat
535 1014 649 1069 quod
669 1013 883 1068 predictus
914 1012 1145 1054 RICARDUS
1176 1011 1222 1052 in
1255 1010 1466 1052 solucione
1495 1009 1598 1052 dicti
1627 1008 1820 1050 redditus
1850 1006 2047 1049 annualis

97 1105 289 1148 terminis
316 1105 515 1160 predictis
545 1104 710 1146 deficiet
735 1104 781 1146 in
806 1107 925 1159 parte
957 1103 1023 1145 vel
1047 1103 1092 1144 in
1125 1106 1215 1144 toto
1246 1104 1321 1143 aut
1356 1106 1486 1143 cesset
1517 1101 1631 1156 quod
1667 1099 1777 1141 absit
1810 1102 1911 1140 tunc
1940 1097 2048 1139 bene

96 1195 220 1238 liceat
251 1195 382 1237 michi
409 1195 647 1251 predictum
680 1195 919 1236 manerium
950 1194 1119 1250 ingredi
1154 1193 1244 1235 sine
1279 1194 1570 1234 retenemento
1605 1195 1681 1233 aut
1715 1188 2049 1232 contradiccione

96 1287 200 1328 dicti
222 1286 417 1329 RmARm
439 1290 515 1328 aut
535 1285 742 1328 heredum
764 1301 937 1328 suorum
958 1300 1033 1341 pro
1054 1284 1236 1327 termino
1258 1284 1344 1325 vite
1372 1298 1464 1326 mee
1488 1317 1495 1325 .
1520 1282 1580 1325 Et
1611 1283 1646 1324 si
1679 1281 1900 1337 contingat
1934 1279 2048 1335 quod

96 1377 311 1432 predictus
332 1377 563 1419 RICARDUS
586 1376 737 1418 obierit
757 1376 847 1418 sine
868 1376 1022 1418 herede
1042 1376 1228 1417 masculo
1249 1376 1301 1417 de
1322 1390 1492 1430 corpore
1513 1388 1588 1415 suo
1608 1373 1800 1429 legitime
1820 1373 2049 1427 procreato,

97 1472 201 1511 tunc
221 1473 316 1523 post
338 1469 555 1510 decessum
576 1468 678 1509 dicti
701 1467 896 1509 RmARm
918 1467 1155 1522 predictum
1175 1467 1414 1508 manerium
1436 1470 1477 1507 et
1498 1464 1724 1507 advocacio
1744 1463 1933 1519 predicta
1954 1476 2050 1503 cum

97 1559 375 1615 pertinencijs
395 1558 677 1601 remanebunt
699 1558 727 1601 J
731 1573 908 1600 OHANNI
931 1559 984 1600 de
1005 1557 1188 1600 PENRES
1208 1557 1333 1599 fratri
1353 1572 1447 1599 meo
1468 1561 1510 1598 et
1530 1555 1756 1597 heredibus
1775 1553 1972 1596 masculis
1999 1554 2051 1594 de

98 1666 269 1706 corpore
290 1666 365 1693 suo
386 1651 614 1706 procreatis
636 1683 645 1692 .
669 1649 921 1692 Tenendum
943 1649 995 1690 de
1016 1648 1188 1703 capitali
1210 1648 1381 1690 domino
1404 1647 1520 1689 feodi
1540 1646 1656 1688 illius
1684 1661 1759 1701 per
1787 1644 1980 1686 redditus
2011 1646 2052 1684 et

97 1742 274 1784 servicia
325 1749 452 1798 prout
502 1742 742 1797 predictum
795 1745 857 1782 est
897 1740 1214 1796 imperpetuum
1249 1773 1256 1781 .
1294 1739 1531 1781 Reddendo
1567 1738 1668 1780 inde
1704 1736 1929 1779 annuatim
1964 1735 2054 1790 ipse

98 1833 128 1876 J
130 1847 341 1875 OHANNES
362 1836 404 1875 et
426 1833 601 1875 heredes
630 1833 694 1874 sui
721 1832 898 1874 masculi
924 1832 976 1873 (le
1013 1846 1182 1886 corpore
1211 1845 1285 1872 suo
1312 1830 1519 1886 procreati
1550 1828 1895 1885 q[ua]draginta
1924 1826 2053 1869 libras

101 1924 404 1980 sterlingorum
426 1924 481 1965 ad
502 1923 612 1965 festa
635 1924 822 1978 predicta
843 1938 918 1977 per
939 1922 1108 1977 equales
1128 1922 1345 1977 porciones
1375 1921 1626 1963 dividendas
1649 1953 1658 1961 .
1681 1919 1742 1961 Et
1767 1920 1802 1961 si
1829 1919 2053 1973 contingat

104 2016 218 2070 quod
239 2015 454 2071 predictus
474 2015 503 2057 J
507 2029 717 2056 OHANNES
751 2013 902 2056 obierit
935 2014 1025 2055 sine
1056 2013 1210 2054 herede
1232 2012 1417 2054 masculo
1438 2013 1490 2053 de
1512 2026 1682 2066 corpore
1703 2025 1777 2052 suo
1807 2014 2023 2065 procreato
2047 2042 2055 2050 .

106 2105 251 2163 [tunc]
282 2111 376 2162 post
408 2107 623 2148 decessum
652 2106 784 2161 ipsius
819 2104 1050 2147 JOHANNIS
1083 2104 1323 2160 predictum
1358 2103 1596 2145 manerium
1629 2108 1671 2144 et
1704 2101 1927 2144 advocacio
1962 2115 2056 2156 pre—

101 2197 216 2240 dicta
265 2197 548 2239 remanebunt
598 2198 762 2239 Anum
805 2196 935 2238 sorori
975 2210 1067 2238 mee
1107 2198 1149 2237 et
1184 2194 1409 2237 heredibus
1447 2194 1647 2236 masculis
1678 2194 1731 2236 de
1767 2207 1938 2248 corpore
1979 2206 2054 2233 suo

98 2289 327 2344 procreatis
350 2323 358 2330 .
383 2288 639 2331 Tenendum
671 2288 723 2329 de
756 2286 955 2343 capit[ali
984 2285 1178 2342 domino]
1209 2286 1322 2328 feodi
1350 2286 1467 2328 illius
1491 2300 1567 2341 per
1590 2284 1783 2326 redditus
1809 2286 1853 2325 et
1879 2282 2054 2325 servicia

102 2385 228 2435 prout
260 2379 497 2435 predictum
533 2381 596 2420 est
627 2379 943 2434 imperpetuum
977 2411 986 2419 .
1022 2377 1259 2419 Reddendo
1294 2377 1395 2418 inde
1431 2376 1654 2417 annuatim
1689 2375 1781 2431 ipsa
1816 2374 1981 2416 AL101A
2014 2378 2055 2415 et

100 2470 276 2512 heredes
297 2470 362 2511 sui
382 2469 561 2511 masculi
583 2470 872 2525 quadraginta
893 2468 1022 2510 libras
1043 2468 1345 2523 sterlingorum
1366 2467 1497 2510 michi
1517 2482 1593 2523 pro
1609 2467 1790 2509 termino
1808 2466 1893 2508 vite
1914 2464 2048 2522 [mee]

103 2561 157 2604 ad
178 2561 287 2603 festa
307 2560 550 2616 supradicta
571 2575 647 2615 per
668 2560 839 2615 equales
859 2559 1077 2614 porciones
1099 2558 1361 2600 dividendas.

160 2652 220 2694 Et
236 2653 271 2694 si
292 2652 515 2708 contingat
537 2652 772 2707 predictam
793 2651 995 2692 ALchAM
1016 2650 1062 2692 in
1084 2650 1297 2692 solucione
1319 2650 1423 2691 dicti
1437 2650 1630 2691 redditus
1645 2649 1844 2690 annualis
1860 2648 2054 2689 terminis

103 2743 303 2799 predictis
333 2743 509 2785 deficere
542 2776 550 2784 .
587 2748 691 2784 tunc
727 2741 834 2784 bene
867 2742 992 2783 liceat
1026 2741 1156 2782 michi
1189 2739 1471 2797 [predictum]
1505 2739 1744 2782 manerium
1770 2738 1941 2795 ingredi
1965 2738 2056 2780 sine

101 2837 391 2876 retenemento
419 2834 529 2875 dicte
550 2832 714 2875 Amcffl
737 2835 813 2874 aut
833 2832 1038 2874 heredum
1059 2846 1232 2874 suorum
1251 2846 1327 2887 pro
1348 2831 1530 2873 termino
1562 2830 1647 2872 vite
1675 2845 1766 2872 mee
1789 2862 1798 2871 .
1821 2830 1882 2871 Et
1903 2830 1938 2872 si
1959 2844 2055 2871 con-

103 2924 248 2980 tingat
268 2925 382 2979 quod
403 2924 518 2966 dicta
538 2923 705 2965 Amcm
737 2922 889 2964 obierit
909 2923 1000 2965 sine
1024 2922 1179 2964 herede
1200 2922 1386 2964 masculo
1408 2922 1460 2963 de
1481 2936 1652 2976 corpore
1676 2936 1751 2963 suo
1776 2919 2052 2977 pro[creato]‚

105 3019 208 3056 tunc
243 3016 337 3069 post
376 3015 591 3056 decessum
625 3014 758 3068 ipsius
796 3014 958 3056 Amen:
994 3013 1231 3069 predictum
1263 3011 1502 3055 manerium
1534 3016 1576 3054 et
1611 3011 1836 3054 advocaeio
1867 3011 2081 3066 predicta*
