2425 3423
312 258 425 300 2346

1101 461 1366 505 MDOXIX.

254 570 649 616 AGREEMENT
734 569 813 613 OF
882 568 1113 621 OWEIN,
1200 569 1330 622 RES,
1391 569 1526 612 AND
1595 569 1840 613 ORADOO
1902 570 2049 615 SONS
2120 572 2199 616 OF

395 652 748 705 ALAITHUR,
803 651 981 695 WITH
1036 652 1313 696 MARGAM
1370 652 1600 705 ABBEY,
1655 653 1727 696 IN
1783 652 2197 699 SETTLEMENT

396 737 475 780 OF
515 735 784 779 DAMAGE
825 734 902 777 ΤΟ
944 734 1078 777 AND
1120 735 1392 779 DISPUTE
1432 735 1611 780 WI'PH
1651 735 1783 778 THE
1823 736 2052 780 MONKS.

970 841 1201 899 [MARGAM
1232 841 1488 899 ΟΗΑΒΤΕΒ]
1823 901 1868 943 A
2015 902 2128 943 1246

1871 915 1983 943 Bon'r
2119 907 2140 944 ⁹.

305 1000 514 1044 Omnibus
535 999 723 1042 GHR1sT1
745 999 942 1042 fidelibus
962 1014 1133 1055 presens
1154 1000 1358 1055 scriptum
1380 1000 1531 1042 visuris
1551 999 1619 1042 vel
1647 999 1857 1041 audituris
1892 1033 1900 1041 .
1934 999 2151 1043 OwfflNUS
2183 1035 2192 1043 .

247 1092 396 1135 Rnsns
419 1126 427 1134 .
452 1091 685 1134 ORAnocus
708 1124 717 1134 .
741 1091 819 1133 filii
839 1090 1090 1133 ALAITHUR
1110 1091 1305 1133 salutem.

298 1182 481 1226 Noverit
512 1182 769 1225 universitas
804 1184 944 1224 vestra
977 1182 1092 1237 quod
1123 1181 1200 1223 hec
1235 1185 1298 1224 est
1334 1182 1474 1224 finalis
1502 1182 1727 1224 concordia
1758 1181 1872 1224 facta
1906 1181 2018 1223 inter
2046 1196 2123 1225 nos
2153 1186 2195 1225 et

245 1274 472 1317 monachos
513 1275 564 1316 de
604 1273 811 1315 MARGAN
850 1307 857 1315 .
901 1273 1100 1315 videlicet
1139 1273 1254 1328 quod
1293 1287 1371 1316 nos
1410 1288 1615 1315 consensu
1666 1275 1708 1315 et
1749 1273 1925 1316 consilio
1965 1274 2198 1316 amicorum

239 1368 480 1408 nostrorum
503 1400 511 1407 .
535 1380 612 1421 pro
633 1380 792 1421 magno
813 1368 856 1407 et
876 1364 1154 1407 inestimabili
1175 1365 1363 1420 dampno
1384 1366 1500 1420 quod
1530 1365 1708 1407 fecimus
1739 1365 1862 1407 dictis
1892 1365 2111 1407 monachis
2140 1366 2193 1408 de

240 1456 445 1499 MARGAN
470 1491 477 1498 .
501 1456 671 1512 quitum
693 1457 969 1499 clamavimus
989 1457 1035 1498 in
1056 1459 1311 1512 perpetuum
1331 1459 1472 1498 totum
1493 1456 1694 1498 clamium
1724 1461 1918 1499 nostrum
1951 1490 1958 1499 .
1991 1459 2033 1499 et
2055 1460 2194 1500 totum

237 1547 308 1604 jus
329 1548 442 1603 quod
464 1546 707 1590 dicebamus
727 1563 804 1590 nos
824 1547 979 1590 habere
1000 1548 1046 1590 in
1067 1550 1180 1589 terra
1200 1547 1504 1589 monachorum
1525 1547 1641 1589 infra
1661 1547 1737 1589 has
1759 1547 1915 1589 divisas
1948 1581 1955 1589 .
1989 1548 2147 1591 seilicet
2167 1563 2193 1591 a

243 1654 361 1683 sursa
382 1641 435 1681 de
456 1638 650 1681 FRUDUL
671 1639 716 1681 in
745 1639 977 1682 dirrectum
1001 1654 1134 1694 usque
1162 1638 1566 1681 PENREUKEINREV
1595 1673 1603 1680 .
1628 1641 1669 1680 et
1701 1638 1801 1680 inde
1832 1639 1878 1680 in
1907 1642 2196 1682 transversum

240 1746 374 1787 usque
395 1732 450 1773 ad
478 1731 592 1773 viam
613 1745 694 1786 que
720 1729 838 1772 venit
864 1731 916 1772 de
944 1729 1151 1785 superiori
1181 1729 1390 1771 Psxnnn’
1423 1763 1431 1771 .
1465 1732 1507 1771 et
1534 1729 1634 1771 inde
1662 1744 1736 1784 per
1764 1730 1945 1772 eandem
1974 1745 2106 1785 usque
2135 1731 2192 1773 ad

238 1823 481 1865 BLAINANT
504 1821 734 1863 DtscoLUA
758 1855 766 1863 .
790 1824 831 1863 et
853 1821 952 1863 inde
973 1822 1019 1863 in
1040 1827 1329 1863 transversum
1350 1820 1529 1863 dirrecte
1551 1835 1685 1876 usque
1716 1820 2077 1863 RIDEKEUELEKI
2110 1855 2118 1863 .
2152 1825 2194 1864 et

234 1914 334 1956 inde
369 1929 444 1968 per
480 1927 635 1968 aquam
671 1913 722 1954 de
750 1912 918 1955 AUENE
954 1946 963 1954 .
998 1913 1201 1968 usquein
1230 1928 1346 1955 mare
1378 1947 1385 1954 .
1421 1912 1480 1954 Et
1510 1912 1750 1967 juravimus
1788 1927 1913 1968 super
1948 1916 2188 1955 sacrosanta

233 2005 403 2047 ecclesie
432 2005 484 2046 de
515 2003 719 2046 MARGAN
755 2037 763 2045 .
795 2004 909 2058 quod
938 2018 1161 2059 nunquam
1189 2018 1266 2045 nos
1296 2037 1303 2044 .
1333 2019 1410 2045 nec
1441 2003 1634 2046 homines
1655 2004 1790 2046 nostri
1814 2037 1821 2045 .
1846 2019 1922 2046 nec
1943 2004 2097 2060 aliquis
2117 2019 2192 2060 per

232 2110 309 2138 nos
331 2095 588 2138 intrabimus
619 2110 716 2137 cum
746 2094 1004 2137 animalibus
1029 2096 1083 2136 ad
1112 2095 1370 2150 pascendum
1401 2098 1559 2137 terram
1589 2095 1896 2137 monachorum
1919 2095 2035 2137 infra
2056 2095 2188 2138 dictas

242 2188 397 2230 divisas
420 2220 429 2228 .
452 2202 529 2228 nec
550 2186 737 2240 aliquam
758 2187 1056 2229 comoditatem
1078 2185 1329 2228 habebimus
1355 2185 1421 2228 vel
1441 2185 1661 2241 exigemus
1681 2186 1727 2227 in
1755 2185 1877 2228 bosco
1901 2220 1908 2228 .
1942 2187 2009 2228 vel
2033 2187 2161 2242 plano
2184 2220 2193 2228 .

242 2279 313 2321 vel
340 2279 483 2334 aliqua
516 2295 561 2321 re
593 2280 678 2321 alia
702 2279 817 2320 infra
847 2279 1015 2320 easdem
1043 2278 1211 2320 divisas.
1275 2277 1480 2320 Similiter
1505 2291 1729 2332 nunquam
1754 2276 2010 2319 intrabimus
2037 2281 2194 2320 terram

234 2370 538 2413 monachorum
566 2371 618 2412 de
649 2367 953 2426 RossAUL[1N]
989 2403 997 2411 .
1032 2384 1128 2412 cum
1156 2369 1412 2411 animalibus
1437 2369 1491 2410 ad
1528 2369 1787 2423 pascendum
1820 2368 1964 2423 aliquo
1998 2371 2188 2424 tempore

235 2462 338 2504 anni
361 2495 369 2503 .
394 2464 539 2504 contra
567 2461 833 2503 voluntatem
862 2460 1166 2502 monachorum
1190 2474 1267 2502 nec
1295 2459 1484 2515 aliquam
1515 2459 1817 2501 comoditatem
1845 2458 2096 2502 habebimus
2123 2460 2191 2502 vel

231 2553 452 2608 exigemus
471 2551 632 2594 ibidem
653 2552 699 2594 in
719 2552 841 2594 bosco
864 2552 932 2593 vel
952 2552 1080 2607 plano
1116 2584 1123 2593 .
1158 2566 1234 2593 nec
1263 2550 1520 2606 piscabimur
1541 2550 1587 2591 in
1611 2564 1721 2604 aqua
1743 2551 1795 2591 de
1818 2549 1956 2592 NETH
1977 2565 2053 2592 nos
2076 2583 2084 2592 .
2108 2565 2185 2592 nec

232 2643 424 2685 homines
456 2643 589 2686 nostri
619 2677 627 2685 .
662 2659 739 2685 nec
767 2643 920 2698 aliquis
948 2658 1023 2698 per
1049 2658 1124 2685 nos
1154 2642 1269 2684 infra
1306 2642 1462 2683 divisas
1496 2641 1802 2683 monachorum
1840 2675 1848 2682 .
1887 2641 2045 2683 scilicet
2076 2641 2189 2684 inter

229 2733 527 2776 ABERWRACH
559 2768 566 2776 .
599 2738 639 2776 et
673 2734 1206 2776 ABERCLEUDACCUMKAC.
1280 2732 1479 2774 Preterea
1516 2766 1524 2773 .
1561 2731 1728 2786 quitam
1760 2731 2036 2773 clamavimus
2063 2731 2187 2773 dictis

230 2825 447 2867 monachis
477 2826 521 2866 in
552 2827 807 2880 perpetuum
833 2824 1057 2866 dimidiam
1091 2858 1098 2865 .
1140 2837 1323 2866 marcam
1355 2856 1364 2864 .
1397 2836 1526 2877 quam
1557 2821 1778 2864 solvebant
1807 2821 1929 2864 nobis
1964 2823 2188 2864 annuatim

230 2931 306 2971 pro
329 2920 449 2970 prato
471 2917 655 2971 quodam
676 2915 789 2957 ultra
811 2915 978 2957 AUENE
1004 2949 1011 2957 .
1036 2918 1079 2956 et
1100 2915 1273 2969 insuper
1293 2914 1518 2955 reddemus
1550 2913 1709 2954 eisdem
1730 2912 1948 2954 monachis
1972 2946 1980 2955 .
2005 2912 2188 2968 singulis

237 3006 360 3049 annis
390 3040 397 3048 .
432 3007 486 3048 ad
507 3006 665 3048 festum
694 3005 839 3048 Sancti
870 3006 1130 3048 MmHAEms
1154 3038 1162 3047 .
1197 3019 1272 3047 nos
1293 3007 1336 3046 et
1361 3004 1534 3046 heredes
1563 3003 1697 3045 nostri
1719 3003 1765 3044 in
1790 3006 2044 3059 perpetuum
2066 3035 2075 3044 .
2098 3006 2190 3046 octo
