2425 3423
358 226 471 268 2152

1081 431 1455 476 MCCGGXOIII.

299 531 571 575 LICENOE
619 530 707 574 BY
756 530 1027 574 FRANGIS
1089 531 1397 589 [GODWIN]
1461 531 1692 575 BISHOP
1752 531 1831 574 OF
1890 530 2249 584 LLANDAFF,

444 614 567 657 FOR
624 613 932 656 BAPTISMS
996 614 1132 657 AND
1193 614 1472 658 BURIALS
1527 614 1612 657 AT
1671 614 1802 657 THE
1863 613 2118 657 OHAPEL
2172 614 2252 658 OF

443 696 818 741 MONKNASH.

1135 754 1210 812 [G.
1245 755 1297 798 Gr.
1334 755 1410 813 E]

1815 813 1840 854 8
1881 812 2001 855 Aue.
2066 813 2192 855 1607.

355 914 631 956 FRANmscus
661 912 937 968 permissione
969 912 1116 955 divina
1149 912 1471 956 LANDAVENSIS
1502 913 1719 969 episcopus
1750 912 1947 956 omnibus
1991 915 2035 955 et
2069 912 2252 969 singulis

298 1005 375 1047 has
406 1004 552 1047 literas
585 1005 751 1046 nostras
781 1003 935 1045 visuris
969 1003 1141 1046 lecturis
1171 1004 1239 1045 vel
1268 1004 1479 1046 audituris
1509 1004 1701 1046 salutem.
1763 1004 1834 1046 Ex
1865 1007 1985 1060 parte
2015 1003 2179 1060 egregii
2209 1007 2254 1047 et

296 1095 527 1152 prenobilis
546 1095 628 1137 viri
648 1094 875 1136 EDWARDI
898 1094 1170 1137 STRADLYNG
1192 1095 1244 1136 de
1272 1094 1341 1138 ST.
1365 1094 1574 1138 DONATTs
1593 1095 1640 1137 in
1661 1095 1866 1138 comitatu
1887 1095 2249 1138 GLAMORGANCIE

295 1186 445 1228 militis
480 1185 644 1229 domini
677 1186 730 1228 de
761 1185 970 1228 Momm
1010 1185 1141 1228 Asnss
1176 1185 1282 1228 alias
1317 1185 1492 1228 MAGNA
1526 1186 1648 1229 A1sn
1687 1186 1802 1229 infra
1834 1189 2024 1229 nostram
2063 1186 2248 1229 diocesin

293 1277 641 1320 LANDAVENSEM
663 1291 828 1319 necnon
849 1292 902 1319 ex
922 1280 1042 1332 parte
1063 1276 1415 1332 parochianorum
1436 1281 1479 1320 et
1498 1277 1835 1320 inhabitantium
1856 1277 1971 1320 infra
1992 1276 2245 1320 GRANOEAM

293 1370 346 1412 de
380 1368 545 1411 NAsnE
578 1368 769 1424 predicta
800 1368 922 1411 nobis
957 1371 1242 1410 monstratum
1283 1368 1426 1410 extitit
1466 1369 1580 1424 quod
1619 1369 1718 1411 licet
1757 1369 1949 1425 prefatus
1983 1368 2246 1412 EDWARDUS

295 1460 567 1504 STRADLYNG
603 1460 726 1502 miles
775 1466 818 1502 et
865 1464 1147 1502 antecessores
1186 1459 1252 1501 sui
1292 1459 1455 1501 domini
1494 1461 1547 1502 de
1586 1459 1792 1502 MONKEN
1833 1459 1964 1502 AsHE
2004 1460 2185 1516 predicti
2223 1475 2250 1503 a

293 1555 483 1608 tempore
518 1554 561 1594 et
581 1566 655 1607 per
688 1555 857 1607 tempus
889 1549 1007 1605 cujus
1032 1550 1147 1592 initii
1175 1550 1262 1592 sive
1290 1551 1489 1593 contrarii
1516 1551 1720 1593 memoria
1747 1551 1971 1593 hominum
1992 1565 2079 1594 non
2100 1551 2246 1594 existit

292 1642 485 1686 solebant
505 1646 548 1684 et
569 1645 879 1685 consueverunt
908 1642 1110 1684 idoneum
1132 1641 1318 1697 aliquem
1350 1641 1548 1684 clericum
1569 1642 1655 1684 suis
1675 1641 1916 1698 sumptibus
1936 1643 2169 1685 conducere
2201 1646 2244 1686 et

290 1733 482 1776 invenire
503 1734 558 1776 ad
578 1748 721 1789 preces
740 1733 976 1776 matutinas
992 1732 1190 1776 omnibus
1210 1737 1253 1775 et
1273 1733 1454 1789 singulis
1474 1733 1623 1776 diebus
1644 1734 1867 1776 dominicis
1882 1737 1924 1776 et
1945 1733 2110 1776 festivis
2128 1733 2244 1776 infra

292 1825 498 1881 capellam
519 1825 572 1867 de
593 1823 757 1867 NAsm:
778 1824 970 1880 predicta
990 1825 1194 1880 legendas
1215 1827 1257 1866 et
1277 1824 1548 1867 celebrandas
1569 1825 1710 1880 sicque
1729 1839 1872 1881 preces
1891 1825 2078 1881 predicte
2099 1826 2244 1881 (prout

293 1916 497 1973 oportuit)
524 1916 614 1958 sine
634 1915 723 1958 ullo
743 1916 1022 1958 recusacionis
1042 1915 1226 1972 diffugio
1255 1916 1308 1958 de
1338 1919 1526 1972 tempore
1555 1916 1602 1958 in
1631 1921 1800 1972 tempus
1831 1916 2037 1959 celebrate
2067 1917 2244 1960 fuerunt

293 2011 483 2050 attamen
520 2007 654 2050 dictos
686 2006 964 2062 parochianos
996 2022 1134 2062 neque
1165 2007 1464 2063 baptisterium
1494 2006 1568 2049 ubi
1588 2007 1776 2050 infantes
1797 2008 1861 2050 sui
1882 2022 1997 2050 sacro
2017 2023 2240 2065 regenera-

289 2099 421 2142 cionis
456 2099 623 2141 lavacro
656 2101 908 2155 mergantur
936 2101 977 2141 et
1012 2098 1284 2154 baptizentur
1304 2113 1441 2153 neque
1468 2098 1607 2140 ullum
1627 2098 1768 2141 locum
1788 2113 1952 2141 sacrum
1973 2098 2048 2142 ubi
2068 2114 2242 2155 corpora

285 2190 586 2233 def-unctorum
619 2204 792 2232 suorum
828 2189 1058 2232 christiano
1100 2204 1215 2232 more
1236 2190 1495 2245 sepeliantur
1515 2189 1670 2232 habere
1690 2191 1805 2232 unde
1825 2205 1902 2232 nos
1921 2191 2056 2233 tantis
2075 2194 2119 2233 et
2147 2194 2238 2233 tam

289 2280 542 2324 miserandis
569 2280 806 2323 defectibus
833 2281 1035 2323 duximus
1064 2280 1402 2336 proveniendum
1425 2280 1624 2336 idemque
1649 2283 1691 2323 et
1722 2280 1983 2324 obviandum
2008 2284 2244 2325 statuentes

288 2376 331 2415 et
359 2387 435 2428 pro
469 2371 591 2414 nobis
627 2374 670 2414 et
706 2371 1010 2414 successoribus
1039 2372 1195 2415 nostris
1214 2371 1261 2414 in
1282 2374 1498 2427 posterum
1519 2371 1765 2414 ordinantes
1785 2376 1912 2428 prout
1932 2388 2008 2429 per
2027 2375 2242 2429 presentes

292 2464 539 2506 ordinamus
553 2467 595 2506 et
612 2463 840 2506 statuimus
856 2464 909 2505 de
924 2463 1020 2518 jure
1036 2463 1134 2505 licet
1150 2466 1198 2505 ut
1214 2463 1330 2519 leges
1344 2462 1420 2519 huj
1427 2477 1476 2504 us
1491 2463 1630 2505 incliti
1645 2463 1770 2519 regni
1784 2463 1970 2506 ANGLIE
1983 2464 2209 2520 patiuntur
2231 2498 2240 2507 .

289 2555 417 2602 Quod
445 2555 569 2597 dictis
596 2555 863 2610 parochianis
887 2555 1091 2598 idoneum
1122 2558 1163 2597 et
1192 2555 1343 2597 decens
1367 2553 1665 2609 baptisterium
1692 2556 1748 2597 ad
1775 2555 1964 2597 infantes
1985 2570 2081 2598 suos
2100 2555 2240 2611 bapti-

289 2647 444 2689 zandos
473 2646 520 2688 in
548 2647 649 2688 navi
681 2647 839 2702 capelle
866 2647 919 2688 de
951 2646 1114 2688 NASHE
1142 2645 1333 2701 predicta
1362 2645 1409 2687 in
1446 2660 1529 2700 qua
1563 2648 1684 2701 parte
1712 2645 1905 2702 ejusdem
1932 2645 2054 2688 navis
2084 2646 2243 2702 capelle
2289 2687 2291 2690 ,

287 2737 474 2793 predicte
495 2752 577 2793 que
598 2736 723 2779 dictis
744 2737 874 2779 militi
894 2740 937 2780 et
961 2736 1228 2793 parochianis
1251 2736 1437 2778 maxime
1463 2751 1650 2792 congrua
1674 2740 1717 2779 et
1742 2737 1996 2779 conveniens
2024 2736 2241 2780 videbitur

287 2828 447 2884 erigere
469 2830 511 2870 et
532 2827 726 2870 edificare
747 2842 1004 2884 corporaque
1025 2828 1325 2871 defunctorum
1346 2842 1518 2869 suorum
1538 2830 1628 2870 tam
1649 2827 1695 2870 in
1717 2827 1830 2870 dicta
1858 2828 2019 2884 capella
2040 2843 2169 2884 quam
2195 2829 2242 2871 in

288 2918 501 2961 cemiterio
522 2918 634 2961 dicte
655 2919 815 2974 capelle
832 2919 1034 2976 contiguo
1056 2923 1099 2962 et
1118 2935 1132 2976 ]
1140 2934 1209 2962 am
1229 2920 1331 2976 ipsis
1351 2919 1536 2961 limitato
1557 2919 1732 2975 sepelire
1752 2919 1877 2961 liceat
1898 2922 1941 2961 et
1960 2919 2239 2974 imposterum

290 3009 446 3052 licebit.
