2425 3423
343 274 456 317 2352

1096 477 1419 520 MDOXXIII.

277 589 492 634 GRANT
557 588 645 632 BY
709 586 968 631 THOMAS
1031 585 1357 639 GRAMMUS,
1422 584 1600 629 WITH
1670 583 1907 626 ASSENT
1973 583 2052 626 OF
2116 582 2225 627 HIS

422 688 587 733 WIFE
667 685 987 738 HYSOUDA,
1068 684 1144 728 ΤΟ
1210 684 1468 728 THOMAS
1545 682 1675 726 THE
1751 681 2082 726 OHAPLAIN
2146 681 2225 725 OF

417 786 721 831 KENEFEG
767 785 902 841 (SON
946 784 1025 827 OF
1071 784 1363 828 WILLIAM
1407 783 1485 827 OF
1530 782 1612 825 ST.
1648 781 1929 835 DONATS)‚
1972 781 2051 824 OF
2095 781 2221 824 ONE

416 886 582 930 AORE
634 886 712 929 OF
761 884 940 928 LAND
991 884 1064 927 IN
1112 883 1242 926 THE
1293 883 1416 926 FEE
1478 882 1556 926 OF
1617 881 1936 933 KENEFEG,
1996 880 2077 923 AT
2139 880 2225 923 LA

419 985 654 1029 MARLE.

984 1091 1216 1148 [MARGAM
1249 1089 1504 1146 CHARTER]

1819 1170 2006 1213 BEFORE
2038 1171 2164 1213 1264.

324 1294 492 1338 Notum
535 1293 590 1337 sit
635 1292 832 1336 omnibus
874 1291 1120 1335 hominibus
1165 1290 1432 1347 presentibus
1471 1292 1514 1333 et
1553 1289 1713 1332 futuris
1755 1288 1868 1344 quod
1911 1302 1990 1344 ego
2032 1286 2223 1330 'Paomis

266 1385 495 1428 GRAMMUS
516 1399 689 1427 assensu
710 1387 752 1427 et
775 1398 981 1426 consensu
1001 1382 1222 1425 HYSOUDE
1242 1381 1389 1424 uxoris
1421 1395 1514 1423 mee
1544 1383 1586 1423 et
1616 1379 1823 1422 heredum
1853 1393 2046 1421 meorum
2078 1411 2086 1420 .
2121 1377 2221 1420 dedi

265 1480 309 1520 et
330 1476 513 1520 concessi
534 1479 577 1519 et
606 1476 685 1518 hac
714 1474 901 1531 presenti
929 1477 1045 1517 carta
1072 1488 1168 1516 mea
1192 1472 1438 1516 confirmavi
1468 1471 1636 1515 ΤΗΟΜΕ
1668 1470 1886 1527 capellano
1907 1470 1959 1512 de
1993 1468 2221 1511 Kmmrm

261 1583 338 1624 pro
359 1567 533 1610 servicio
555 1581 630 1610 suo
651 1581 783 1609 unam
805 1580 946 1608 acram
965 1568 1077 1607 terre
1098 1563 1293 1606 arrabilis
1313 1564 1358 1605 in
1380 1563 1510 1605 feudo
1531 1563 1584 1604 de
1605 1561 1833 1604 KENEFEG
1864 1561 1918 1602 de
1941 1559 2075 1602 libero
2104 1562 2222 1602 tene-

265 1662 411 1702 mento
441 1672 535 1701 meo
566 1673 680 1713 ‚que
710 1657 825 1713 jacet
857 1671 882 1698 a
912 1655 982 1698 LA
1013 1655 1183 1698 MARLE
1215 1655 1328 1696 inter
1356 1657 1513 1697 terram
1546 1667 1674 1708 quam
1708 1651 1951 1694 JOHANNES
1982 1650 2141 1693 FABER
2171 1651 2224 1692 de

266 1748 495 1792 KENEFEG
526 1748 666 1790 tenuit
697 1748 750 1790 de
781 1762 847 1789 me
882 1747 928 1789 in
968 1750 1089 1802 parte
1131 1745 1381 1788 occidentali
1414 1778 1422 1786 .
1460 1747 1502 1786 et
1533 1746 1691 1786 terram
1722 1757 1850 1798 quam
1899 1741 2142 1784 JOHANNES
2181 1741 2222 1784 le

267 1840 493 1883 HOPPARE
526 1839 667 1882 tenuit
700 1839 752 1881 de
787 1853 855 1881 me
889 1838 934 1880 in
970 1840 1091 1894 parte
1133 1836 1330 1880 orientali
1363 1869 1371 1878 .
1404 1835 1667 1878 Habendam
1693 1838 1736 1876 et
1767 1834 1998 1876 tenendam
2019 1834 2071 1875 de
2090 1847 2159 1874 me
2180 1835 2223 1875 et

266 1930 493 1974 heredibus
521 1930 627 1973 meis
649 1964 658 1972 .
682 1929 761 1972 sibi
783 1932 825 1971 et
844 1928 1071 1972 heredibus
1092 1928 1178 1970 suis
1200 1928 1267 1969 vel
1289 1926 1515 1983 assignatis
1539 1959 1547 1968 .
1571 1924 1702 1967 libere
1723 1928 1766 1966 et
1787 1924 1929 1980 quiete
1953 1957 1961 1965 .
1985 1923 2093 1966 bene
2114 1923 2221 1966 etin

267 2037 369 2078 pace
399 2022 489 2064 sine
511 2021 628 2064 omni
658 2020 966 2076 impedimento
997 2019 1219 2061 exaccione
1250 2022 1291 2060 et
1323 2017 1550 2059 vexacione
1574 2050 1582 2058 .
1607 2015 1851 2072 calumpnia
1872 2018 1913 2057 et
1945 2014 2121 2057 seculari
2151 2015 2222 2057 de-

267 2113 426 2154 manda
458 2145 466 2154 .
500 2111 739 2154 Reddendo
770 2111 871 2153 inde
901 2111 1127 2153 annuatim
1157 2109 1287 2152 michi
1318 2112 1360 2151 et
1380 2106 1607 2150 heredibus
1637 2106 1744 2148 meis
1774 2105 1913 2147 dictus
1936 2104 2126 2147 THoMAs
2153 2104 2222 2147 vel

269 2203 445 2246 heredes
479 2203 545 2244 sui
578 2235 586 2244 .
619 2217 653 2244 J.
688 2202 910 2244 denarium
946 2203 1001 2244 ad
1036 2202 1194 2244 festum
1228 2200 1375 2244 Sancti
1396 2198 1655 2240 MICHAELIS
1676 2210 1752 2252 pro
1774 2195 1890 2237 omni
1911 2195 2086 2237 servicio
2109 2227 2117 2236 .
2141 2193 2225 2237 Pro

271 2295 350 2337 hac
380 2297 525 2336 autem
555 2293 788 2336 donacione
825 2296 867 2336 et
903 2296 1016 2335 carte
1056 2307 1148 2334 mee
1179 2290 1502 2334 confirmacione
1533 2287 1652 2330 dedit
1673 2285 1803 2329 michi
1833 2286 1974 2328 dictus
2005 2284 2196 2328 THOMAs
2212 2317 2222 2326 .

272 2400 335 2428 xx
378 2419 386 2427 .
429 2400 479 2427 11.
512 2385 668 2428 solidos
703 2385 1006 2441 sterlingorum
1058 2417 1066 2426 .
1110 2383 1172 2425 Et
1212 2397 1291 2437 ego
1333 2380 1522 2423 THOMAS
1564 2377 1794 2420 GRAMMUs
1835 2379 1877 2418 et
1917 2376 2092 2418 heredes
2140 2375 2224 2417 mei

271 2475 644 2519 warantizabimus
665 2476 777 2519 dicto
799 2475 967 2518 ΤΗΟΜΕ
989 2478 1031 2517 et
1051 2473 1278 2517 heredibus
1299 2472 1385 2514 suis
1405 2471 1472 2513 vel
1493 2468 1720 2524 assignatis
1741 2467 1899 2509 dictam
1919 2481 2060 2509 acram
2076 2469 2222 2509 contra

273 2583 419 2611 omnes
452 2568 652 2610 mortales
687 2567 1004 2623 imperpetuum
1039 2599 1047 2608 .
1095 2580 1177 2620 que
1212 2563 1365 2619 incipit
1404 2577 1430 2604 a
1468 2559 1709 2602 LAHAMME
1739 2558 1866 2614 juxta
1895 2557 2115 2600 GOYLAKE
2148 2559 2223 2600 ,et

272 2658 488 2714 pretendit
520 2673 562 2701 se
592 2673 726 2713 usque
757 2658 810 2699 ad
840 2660 999 2699 terram
1039 2671 1168 2712 quam
1213 2654 1470 2698 WALTERUS
1500 2651 1659 2693 LOUEL
1690 2649 1803 2691 dicte
1845 2648 2065 2690 HYSOUDE
2105 2647 2224 2691 dedit

270 2750 316 2792 in
340 2749 524 2792 liberum
553 2748 831 2804 maritagium
860 2749 907 2790 in
937 2750 1057 2804 parte
1079 2748 1224 2790 altera.
1286 2745 1347 2788 Et
1373 2748 1423 2786 ut
1443 2757 1537 2786 mea
1558 2741 1735 2784 donacio
1757 2744 1800 2782 et
1821 2743 1933 2782 carte
1961 2754 2053 2782 mee
2074 2739 2205 2782 confir

271 2840 406 2883 macic
438 2840 709 2883 securitatem
740 2840 932 2895 optineat
963 2839 1094 2896 sigilli
1123 2839 1208 2881 mei
1238 2835 1498 2893 inpressione
1529 2849 1624 2876 eam
1653 2832 1861 2875 roboravi.

331 2931 434 2973 Hiis
446 2930 624 2973 testibus
641 2963 651 2974 .
671 2930 929 2974 WILLELMo
947 2930 1257 2972 FRANKELAIN
1276 2961 1285 2969 .
1303 2927 1530 2968 Pmmppo
1545 2923 1693 2965 clerico
1712 2956 1719 2964 .
1741 2921 1909 2964 ΤΗΟΜΑ
1927 2923 1978 2964 de
1997 2921 2198 2964 CORNELI

274 3022 415 3065 ADAM
456 3022 612 3077 pistore
650 3056 657 3064 .
691 3021 832 3064 ADAM
875 3021 1059 3063 OsMERo
1098 3053 1106 3062 .
1145 3019 1401 3063 W1L1AEm10
1437 3016 1489 3057 de
1524 3013 1674 3056 CRUCE
1715 3046 1723 3055 .
1762 3012 2021 3055 WILLELMo
2055 3011 2183 3054 ALBo
2216 3045 2225 3053 .
