<?xml version="1.0" encoding="UTF-8"?>
<!DOCTYPE html PUBLIC "-//W3C//DTD XHTML 1.0 Transitional//EN"
    "http://www.w3.org/TR/xhtml1/DTD/xhtml1-transitional.dtd">
<html xmlns="http://www.w3.org/1999/xhtml" xml:lang="en" lang="en">
 <head>
  <title>
</title>
<meta http-equiv="Content-Type" content="text/html;charset=utf-8" />
  <meta name='ocr-system' content='tesseract 3.04.00' />
  <meta name='ocr-capabilities' content='ocr_page ocr_carea ocr_par ocr_line ocrx_word'/>
</head>
<body>
  <div class='ocr_page' id='page_1' title='image "./cartaeetaliamuni06claruoft_0326.png"; bbox 0 0 2425 3423; ppageno 0'>
   <div class='ocr_carea' id='block_1_1' title="bbox 318 281 432 323">
    <p class='ocr_par' dir='ltr' id='par_1_1' title="bbox 318 281 432 323">
     <span class='ocr_line' id='line_1_1' title="bbox 318 281 432 323; baseline -0.009 0"><span class='ocrx_word' id='word_1_1' title='bbox 318 281 432 323; x_wconf 84' lang='lat'><strong>2354</strong></span> 
     </span>
    </p>
   </div>
   <div class='ocr_carea' id='block_1_2' title="bbox 1090 553 1377 599">
    <p class='ocr_par' dir='ltr' id='par_1_2' title="bbox 1090 553 1377 599">
     <span class='ocr_line' id='line_1_2' title="bbox 1090 553 1377 599; baseline 0 -2"><span class='ocrx_word' id='word_1_2' title='bbox 1090 553 1377 599; x_wconf 87' lang='lat' dir='ltr'>MDCXXV.</span> 
     </span>
    </p>
   </div>
   <div class='ocr_carea' id='block_1_3' title="bbox 260 660 2211 888">
    <p class='ocr_par' dir='ltr' id='par_1_3' title="bbox 260 660 2211 888">
     <span class='ocr_line' id='line_1_3' title="bbox 260 660 2209 714; baseline -0.001 -6"><span class='ocrx_word' id='word_1_3' title='bbox 260 662 617 710; x_wconf 75' lang='lat' dir='ltr'>QUITOLAJM</span> <span class='ocrx_word' id='word_1_4' title='bbox 655 661 743 705; x_wconf 88' lang='lat' dir='ltr'>BY</span> <span class='ocrx_word' id='word_1_5' title='bbox 782 660 987 705; x_wconf 91' lang='lat' dir='ltr'><strong>DAVID</strong></span> <span class='ocrx_word' id='word_1_6' title='bbox 1031 661 1302 714; x_wconf 79' lang='lat' dir='ltr'>SPUDUR,</span> <span class='ocrx_word' id='word_1_7' title='bbox 1356 662 1474 705; x_wconf 83' lang='lat' dir='ltr'>SON</span> <span class='ocrx_word' id='word_1_8' title='bbox 1513 661 1647 704; x_wconf 88' lang='lat' dir='ltr'>AND</span> <span class='ocrx_word' id='word_1_9' title='bbox 1696 661 1860 704; x_wconf 84' lang='lat' dir='ltr'><strong>HEIR</strong></span> <span class='ocrx_word' id='word_1_10' title='bbox 1908 661 1986 705; x_wconf 90' lang='lat' dir='ltr'>OF</span> <span class='ocrx_word' id='word_1_11' title='bbox 2025 662 2209 706; x_wconf 89' lang='lat' dir='ltr'>ADAM</span> 
     </span>
     <span class='ocr_line' id='line_1_4' title="bbox 406 751 2211 806; baseline 0 -10"><span class='ocrx_word' id='word_1_12' title='bbox 406 753 662 797; x_wconf 78' lang='lat' dir='ltr'>SPUDUR</span> <span class='ocrx_word' id='word_1_13' title='bbox 713 752 791 795; x_wconf 91' lang='lat' dir='ltr'>OF</span> <span class='ocrx_word' id='word_1_14' title='bbox 831 751 1370 805; x_wconf 81' lang='lat' dir='ltr'><strong>BONEVILESTONE,</strong></span> <span class='ocrx_word' id='word_1_15' title='bbox 1413 753 1489 795; x_wconf 84' lang='lat' dir='ltr'>TO</span> <span class='ocrx_word' id='word_1_16' title='bbox 1534 752 1812 795; x_wconf 78' lang='lat' dir='ltr'>MARGAM</span> <span class='ocrx_word' id='word_1_17' title='bbox 1861 753 2091 806; x_wconf 86' lang='lat' dir='ltr'><strong>ABBEY,</strong></span> <span class='ocrx_word' id='word_1_18' title='bbox 2133 753 2211 796; x_wconf 91' lang='lat' dir='ltr'>OF</span> 
     </span>
     <span class='ocr_line' id='line_1_5' title="bbox 404 842 1603 888; baseline -0.002 0"><span class='ocrx_word' id='word_1_19' title='bbox 404 845 512 888; x_wconf 87' lang='lat' dir='ltr'>HIS</span> <span class='ocrx_word' id='word_1_20' title='bbox 563 844 740 887; x_wconf 90' lang='lat' dir='ltr'>LAND</span> <span class='ocrx_word' id='word_1_21' title='bbox 782 843 856 886; x_wconf 90' lang='lat' dir='ltr'>IN</span> <span class='ocrx_word' id='word_1_22' title='bbox 897 842 1425 887; x_wconf 82' lang='lat' dir='ltr'><strong>BONEVILESTONE</strong></span> <span class='ocrx_word' id='word_1_23' title='bbox 1469 843 1603 886; x_wconf 90' lang='lat' dir='ltr'><strong>FEE.</strong></span> 
     </span>
    </p>
   </div>
   <div class='ocr_carea' id='block_1_4' title="bbox 988 950 2158 1084">
    <p class='ocr_par' dir='ltr' id='par_1_4' title="bbox 988 950 2158 1084">
     <span class='ocr_line' id='line_1_6' title="bbox 988 950 1508 1008; baseline 0 -15"><span class='ocrx_word' id='word_1_24' title='bbox 988 950 1219 1008; x_wconf 80' lang='lat' dir='ltr'>[MARGAM</span> <span class='ocrx_word' id='word_1_25' title='bbox 1253 950 1508 1008; x_wconf 80' lang='lat' dir='ltr'>CHARTER.]</span> 
     </span>
     <span class='ocr_line' id='line_1_7' title="bbox 2034 1043 2158 1084; baseline 0 0"><span class='ocrx_word' id='word_1_26' title='bbox 2034 1043 2158 1084; x_wconf 82' lang='lat'>1281.</span> 
     </span>
    </p>
   </div>
   <div class='ocr_carea' id='block_1_5' title="bbox 256 1157 2237 2856">
    <p class='ocr_par' dir='ltr' id='par_1_5' title="bbox 256 1157 2232 2496">
     <span class='ocr_line' id='line_1_8' title="bbox 318 1157 2214 1215; baseline -0.001 -13"><span class='ocrx_word' id='word_1_27' title='bbox 318 1159 466 1202; x_wconf 82' lang='lat' dir='ltr'>Sciant</span> <span class='ocrx_word' id='word_1_28' title='bbox 485 1162 699 1215; x_wconf 78' lang='lat' dir='ltr'>presentes</span> <span class='ocrx_word' id='word_1_29' title='bbox 720 1163 763 1201; x_wconf 85' lang='lat' dir='ltr'>et</span> <span class='ocrx_word' id='word_1_30' title='bbox 783 1158 921 1201; x_wconf 81' lang='lat' dir='ltr'>futuri</span> <span class='ocrx_word' id='word_1_31' title='bbox 942 1158 1056 1214; x_wconf 89' lang='lat' dir='ltr'>quod</span> <span class='ocrx_word' id='word_1_32' title='bbox 1076 1173 1156 1214; x_wconf 90' lang='lat' dir='ltr'>ego</span> <span class='ocrx_word' id='word_1_33' title='bbox 1178 1158 1334 1200; x_wconf 81' lang='lat' dir='ltr'>DAvtD</span> <span class='ocrx_word' id='word_1_34' title='bbox 1357 1158 1542 1201; x_wconf 81' lang='lat' dir='ltr'>SPUDUR</span> <span class='ocrx_word' id='word_1_35' title='bbox 1562 1158 1676 1200; x_wconf 89' lang='lat' dir='ltr'>filius</span> <span class='ocrx_word' id='word_1_36' title='bbox 1699 1162 1742 1200; x_wconf 90' lang='lat' dir='ltr'>et</span> <span class='ocrx_word' id='word_1_37' title='bbox 1762 1158 1884 1200; x_wconf 89' lang='lat' dir='ltr'>heres</span> <span class='ocrx_word' id='word_1_38' title='bbox 1904 1159 2007 1200; x_wconf 75' lang='grc' dir='ltr'>ΑΒΕ</span> <span class='ocrx_word' id='word_1_39' title='bbox 2028 1157 2214 1201; x_wconf 75' lang='lat' dir='ltr'>Spumm</span> 
     </span>
     <span class='ocr_line' id='line_1_9' title="bbox 259 1249 2218 1304; baseline -0.001 -10"><span class='ocrx_word' id='word_1_40' title='bbox 259 1253 312 1295; x_wconf 90' lang='lat' dir='ltr'>de</span> <span class='ocrx_word' id='word_1_41' title='bbox 333 1252 711 1294; x_wconf 64' lang='lat' dir='ltr'>Bomvmsssmxss</span> <span class='ocrx_word' id='word_1_42' title='bbox 731 1250 830 1292; x_wconf 90' lang='lat' dir='ltr'>dedi</span> <span class='ocrx_word' id='word_1_43' title='bbox 851 1253 894 1291; x_wconf 93' lang='lat' dir='ltr'>et</span> <span class='ocrx_word' id='word_1_44' title='bbox 915 1249 1098 1292; x_wconf 82' lang='lat' dir='ltr'>concessi</span> <span class='ocrx_word' id='word_1_45' title='bbox 1118 1252 1161 1291; x_wconf 90' lang='lat' dir='ltr'>et</span> <span class='ocrx_word' id='word_1_46' title='bbox 1193 1249 1235 1291; x_wconf 91' lang='lat' dir='ltr'>h.</span> <span class='ocrx_word' id='word_1_47' title='bbox 1259 1264 1300 1304; x_wconf 86' lang='lat' dir='ltr'>p.</span> <span class='ocrx_word' id='word_1_48' title='bbox 1333 1265 1366 1291; x_wconf 90' lang='lat' dir='ltr'>c.</span> <span class='ocrx_word' id='word_1_49' title='bbox 1399 1265 1455 1292; x_wconf 92' lang='lat' dir='ltr'>m.</span> <span class='ocrx_word' id='word_1_50' title='bbox 1488 1250 1736 1292; x_wconf 76' lang='lat' dir='ltr'>confirmavi</span> <span class='ocrx_word' id='word_1_51' title='bbox 1769 1249 1824 1292; x_wconf 92' lang='lat' dir='ltr'>D.</span> <span class='ocrx_word' id='word_1_52' title='bbox 1858 1253 1901 1292; x_wconf 92' lang='lat' dir='ltr'>et</span> <span class='ocrx_word' id='word_1_53' title='bbox 1931 1265 1965 1292; x_wconf 91' lang='lat' dir='ltr'>e.</span> <span class='ocrx_word' id='word_1_54' title='bbox 1999 1249 2052 1291; x_wconf 89' lang='lat' dir='ltr'>B.</span> <span class='ocrx_word' id='word_1_55' title='bbox 2079 1249 2142 1292; x_wconf 87' lang='lat' dir='ltr'>M.</span> <span class='ocrx_word' id='word_1_56' title='bbox 2166 1251 2218 1292; x_wconf 91' lang='lat' dir='ltr'>de</span> 
     </span>
     <span class='ocr_line' id='line_1_10' title="bbox 259 1340 2217 1396; baseline -0.001 -11"><span class='ocrx_word' id='word_1_57' title='bbox 259 1343 465 1386; x_wconf 76' lang='lat' dir='ltr'>MARGAN</span> <span class='ocrx_word' id='word_1_58' title='bbox 487 1347 529 1384; x_wconf 90' lang='lat' dir='ltr'>et</span> <span class='ocrx_word' id='word_1_59' title='bbox 550 1341 768 1384; x_wconf 89' lang='lat' dir='ltr'>monachis</span> <span class='ocrx_word' id='word_1_60' title='bbox 790 1341 816 1382; x_wconf 89' lang='lat' dir='ltr'>i.</span> <span class='ocrx_word' id='word_1_61' title='bbox 844 1340 897 1383; x_wconf 92' lang='lat' dir='ltr'>D.</span> <span class='ocrx_word' id='word_1_62' title='bbox 922 1356 950 1382; x_wconf 90' lang='lat' dir='ltr'>s.</span> <span class='ocrx_word' id='word_1_63' title='bbox 975 1344 1111 1383; x_wconf 90' lang='lat' dir='ltr'>totam</span> <span class='ocrx_word' id='word_1_64' title='bbox 1135 1343 1293 1382; x_wconf 86' lang='lat' dir='ltr'>terram</span> <span class='ocrx_word' id='word_1_65' title='bbox 1314 1355 1411 1383; x_wconf 88' lang='lat' dir='ltr'>cum</span> <span class='ocrx_word' id='word_1_66' title='bbox 1441 1340 1713 1396; x_wconf 88' lang='lat' dir='ltr'>pertinentiis</span> <span class='ocrx_word' id='word_1_67' title='bbox 1745 1356 1876 1396; x_wconf 87' lang='lat' dir='ltr'>quam</span> <span class='ocrx_word' id='word_1_68' title='bbox 1907 1341 1959 1382; x_wconf 91' lang='lat' dir='ltr'>de</span> <span class='ocrx_word' id='word_1_69' title='bbox 1990 1341 2149 1383; x_wconf 90' lang='lat' dir='ltr'>eisdem</span> <span class='ocrx_word' id='word_1_70' title='bbox 2171 1341 2217 1383; x_wconf 92' lang='lat' dir='ltr'>in</span> 
     </span>
     <span class='ocr_line' id='line_1_11' title="bbox 258 1431 2218 1487; baseline -0.001 -10"><span class='ocrx_word' id='word_1_71' title='bbox 258 1435 389 1477; x_wconf 82' lang='lat' dir='ltr'>feudo</span> <span class='ocrx_word' id='word_1_72' title='bbox 410 1435 463 1476; x_wconf 90' lang='lat' dir='ltr'>de</span> <span class='ocrx_word' id='word_1_73' title='bbox 484 1433 861 1476; x_wconf 82' lang='lat' dir='ltr'>BONEVILESTONE</span> <span class='ocrx_word' id='word_1_74' title='bbox 884 1432 1017 1474; x_wconf 86' lang='lat' dir='ltr'>tenui.</span> <span class='ocrx_word' id='word_1_75' title='bbox 1081 1431 1140 1473; x_wconf 89' lang='lat' dir='ltr'>Et</span> <span class='ocrx_word' id='word_1_76' title='bbox 1172 1431 1309 1487; x_wconf 84' lang='lat' dir='ltr'>ipsam</span> <span class='ocrx_word' id='word_1_77' title='bbox 1339 1446 1415 1487; x_wconf 90' lang='lat' dir='ltr'>pro</span> <span class='ocrx_word' id='word_1_78' title='bbox 1446 1447 1513 1474; x_wconf 90' lang='lat' dir='ltr'>me</span> <span class='ocrx_word' id='word_1_79' title='bbox 1545 1436 1587 1474; x_wconf 91' lang='lat' dir='ltr'>et</span> <span class='ocrx_word' id='word_1_80' title='bbox 1618 1431 1816 1474; x_wconf 90' lang='lat' dir='ltr'>omnibus</span> <span class='ocrx_word' id='word_1_81' title='bbox 1846 1436 1889 1474; x_wconf 92' lang='lat' dir='ltr'>et</span> <span class='ocrx_word' id='word_1_82' title='bbox 1918 1431 2146 1475; x_wconf 85' lang='lat' dir='ltr'>heredibus</span> <span class='ocrx_word' id='word_1_83' title='bbox 2177 1437 2218 1475; x_wconf 85' lang='lat' dir='ltr'>et</span> 
     </span>
     <span class='ocr_line' id='line_1_12' title="bbox 258 1522 2220 1583; baseline -0.002 -15"><span class='ocrx_word' id='word_1_84' title='bbox 258 1525 486 1583; x_wconf 86' lang='lat' dir='ltr'>assignatis</span> <span class='ocrx_word' id='word_1_85' title='bbox 509 1525 612 1567; x_wconf 87' lang='lat' dir='ltr'>meis</span> <span class='ocrx_word' id='word_1_86' title='bbox 631 1524 811 1567; x_wconf 83' lang='lat' dir='ltr'>liberam</span> <span class='ocrx_word' id='word_1_87' title='bbox 833 1527 875 1566; x_wconf 91' lang='lat' dir='ltr'>et</span> <span class='ocrx_word' id='word_1_88' title='bbox 902 1523 1091 1579; x_wconf 77' lang='lat' dir='ltr'>quietam</span> <span class='ocrx_word' id='word_1_89' title='bbox 1122 1522 1437 1578; x_wconf 75' lang='lat' dir='ltr'>imperpetuum</span> <span class='ocrx_word' id='word_1_90' title='bbox 1467 1523 1626 1565; x_wconf 89' lang='lat' dir='ltr'>eisdem</span> <span class='ocrx_word' id='word_1_91' title='bbox 1658 1523 1850 1565; x_wconf 79' lang='lat' dir='ltr'>clamavi.</span> <span class='ocrx_word' id='word_1_92' title='bbox 1913 1523 1986 1566; x_wconf 89' lang='lat' dir='ltr'>Ita</span> <span class='ocrx_word' id='word_1_93' title='bbox 2008 1524 2122 1579; x_wconf 90' lang='lat' dir='ltr'>quod</span> <span class='ocrx_word' id='word_1_94' title='bbox 2142 1538 2220 1566; x_wconf 90' lang='lat' dir='ltr'>nec</span> 
     </span>
     <span class='ocr_line' id='line_1_13' title="bbox 256 1614 2213 1675; baseline -0.002 -14"><span class='ocrx_word' id='word_1_95' title='bbox 256 1633 336 1675; x_wconf 88' lang='lat' dir='ltr'>ego</span> <span class='ocrx_word' id='word_1_96' title='bbox 356 1633 433 1660; x_wconf 91' lang='lat' dir='ltr'>nec</span> <span class='ocrx_word' id='word_1_97' title='bbox 453 1617 608 1672; x_wconf 86' lang='lat' dir='ltr'>aliquis</span> <span class='ocrx_word' id='word_1_98' title='bbox 629 1616 836 1658; x_wconf 82' lang='lat' dir='ltr'>heredum</span> <span class='ocrx_word' id='word_1_99' title='bbox 857 1630 931 1656; x_wconf 89' lang='lat' dir='ltr'>seu</span> <span class='ocrx_word' id='word_1_100' title='bbox 951 1614 1267 1670; x_wconf 81' lang='lat' dir='ltr'>assignatorum</span> <span class='ocrx_word' id='word_1_101' title='bbox 1290 1629 1481 1657; x_wconf 87' lang='lat' dir='ltr'>meorum</span> <span class='ocrx_word' id='word_1_102' title='bbox 1503 1616 1555 1656; x_wconf 92' lang='lat' dir='ltr'>de</span> <span class='ocrx_word' id='word_1_103' title='bbox 1577 1615 1690 1656; x_wconf 84' lang='lat' dir='ltr'>dicta</span> <span class='ocrx_word' id='word_1_104' title='bbox 1712 1620 1824 1657; x_wconf 88' lang='lat' dir='ltr'>terra</span> <span class='ocrx_word' id='word_1_105' title='bbox 1845 1629 1918 1656; x_wconf 91' lang='lat' dir='ltr'>seu</span> <span class='ocrx_word' id='word_1_106' title='bbox 1939 1615 2213 1670; x_wconf 82' lang='lat' dir='ltr'>pertinenciis</span> 
     </span>
     <span class='ocr_line' id='line_1_14' title="bbox 259 1706 2216 1765; baseline -0.002 -13"><span class='ocrx_word' id='word_1_107' title='bbox 259 1709 425 1765; x_wconf 84' lang='lat' dir='ltr'>aliquid</span> <span class='ocrx_word' id='word_1_108' title='bbox 444 1709 710 1764; x_wconf 86' lang='lat' dir='ltr'>inposterum</span> <span class='ocrx_word' id='word_1_109' title='bbox 731 1707 901 1763; x_wconf 78' lang='lat' dir='ltr'>exigere</span> <span class='ocrx_word' id='word_1_110' title='bbox 923 1712 996 1748; x_wconf 86' lang='lat' dir='ltr'>aut</span> <span class='ocrx_word' id='word_1_111' title='bbox 1018 1706 1247 1748; x_wconf 87' lang='lat' dir='ltr'>reclamare</span> <span class='ocrx_word' id='word_1_112' title='bbox 1279 1708 1524 1762; x_wconf 86' lang='lat' dir='ltr'>poterimus.</span> <span class='ocrx_word' id='word_1_113' title='bbox 1588 1706 1672 1748; x_wconf 88' lang='lat' dir='ltr'>Pro</span> <span class='ocrx_word' id='word_1_114' title='bbox 1703 1706 1782 1748; x_wconf 87' lang='lat' dir='ltr'>hac</span> <span class='ocrx_word' id='word_1_115' title='bbox 1812 1710 1957 1748; x_wconf 87' lang='lat' dir='ltr'>autem</span> <span class='ocrx_word' id='word_1_116' title='bbox 1987 1706 2216 1748; x_wconf 87' lang='lat' dir='ltr'>donatione</span> 
     </span>
     <span class='ocr_line' id='line_1_15' title="bbox 261 1797 2215 1855; baseline -0.002 -11"><span class='ocrx_word' id='word_1_117' title='bbox 261 1804 304 1844; x_wconf 91' lang='lat' dir='ltr'>et</span> <span class='ocrx_word' id='word_1_118' title='bbox 342 1800 477 1843; x_wconf 89' lang='lat' dir='ltr'>libera</span> <span class='ocrx_word' id='word_1_119' title='bbox 516 1815 563 1842; x_wconf 90' lang='lat' dir='ltr'>ac</span> <span class='ocrx_word' id='word_1_120' title='bbox 604 1799 749 1855; x_wconf 82' lang='lat' dir='ltr'>quieta</span> <span class='ocrx_word' id='word_1_121' title='bbox 791 1798 1044 1839; x_wconf 86' lang='lat' dir='ltr'>clamatione</span> <span class='ocrx_word' id='word_1_122' title='bbox 1084 1812 1179 1840; x_wconf 86' lang='lat' dir='ltr'>mea</span> <span class='ocrx_word' id='word_1_123' title='bbox 1220 1798 1273 1840; x_wconf 86' lang='lat' dir='ltr'>ab</span> <span class='ocrx_word' id='word_1_124' title='bbox 1314 1798 1473 1840; x_wconf 89' lang='lat' dir='ltr'>eisdem</span> <span class='ocrx_word' id='word_1_125' title='bbox 1514 1797 1731 1840; x_wconf 83' lang='lat' dir='ltr'>monachis</span> <span class='ocrx_word' id='word_1_126' title='bbox 1774 1799 1828 1839; x_wconf 86' lang='lat' dir='ltr'>ad</span> <span class='ocrx_word' id='word_1_127' title='bbox 1869 1798 2215 1854; x_wconf 87' lang='lat' dir='ltr'>urgentissimam</span> 
     </span>
     <span class='ocr_line' id='line_1_16' title="bbox 262 1889 2221 1946; baseline -0.002 -12"><span class='ocrx_word' id='word_1_128' title='bbox 262 1892 559 1934; x_wconf 86' lang='lat' dir='ltr'>necessitatem</span> <span class='ocrx_word' id='word_1_129' title='bbox 580 1905 719 1933; x_wconf 89' lang='lat' dir='ltr'>meam</span> <span class='ocrx_word' id='word_1_130' title='bbox 753 1890 1042 1946; x_wconf 87' lang='lat' dir='ltr'>quadraginta</span> <span class='ocrx_word' id='word_1_131' title='bbox 1062 1904 1225 1932; x_wconf 89' lang='lat' dir='ltr'>marcas</span> <span class='ocrx_word' id='word_1_132' title='bbox 1245 1889 1455 1931; x_wconf 90' lang='lat' dir='ltr'>bonorum</span> <span class='ocrx_word' id='word_1_133' title='bbox 1486 1892 1528 1931; x_wconf 87' lang='lat' dir='ltr'>et</span> <span class='ocrx_word' id='word_1_134' title='bbox 1560 1889 1764 1945; x_wconf 87' lang='lat' dir='ltr'>legalium</span> <span class='ocrx_word' id='word_1_135' title='bbox 1796 1889 2099 1946; x_wconf 86' lang='lat' dir='ltr'>sterlingorum</span> <span class='ocrx_word' id='word_1_136' title='bbox 2129 1904 2221 1945; x_wconf 90' lang='lat' dir='ltr'>pre-</span> 
     </span>
     <span class='ocr_line' id='line_1_17' title="bbox 264 1980 2222 2038; baseline -0.003 -12"><span class='ocrx_word' id='word_1_137' title='bbox 264 1983 464 2026; x_wconf 90' lang='lat' dir='ltr'>manibus</span> <span class='ocrx_word' id='word_1_138' title='bbox 483 1983 624 2038; x_wconf 87' lang='lat' dir='ltr'>accepi</span> <span class='ocrx_word' id='word_1_139' title='bbox 656 2016 664 2024; x_wconf 90' lang='lat'><strong><em>.</em></strong></span> <span class='ocrx_word' id='word_1_140' title='bbox 699 1981 795 2037; x_wconf 89' lang='lat' dir='ltr'>Ego</span> <span class='ocrx_word' id='word_1_141' title='bbox 816 1997 915 2024; x_wconf 89' lang='lat' dir='ltr'>vero</span> <span class='ocrx_word' id='word_1_142' title='bbox 937 1985 979 2024; x_wconf 91' lang='lat' dir='ltr'>et</span> <span class='ocrx_word' id='word_1_143' title='bbox 1004 1981 1177 2023; x_wconf 88' lang='lat' dir='ltr'>heredes</span> <span class='ocrx_word' id='word_1_144' title='bbox 1209 1981 1292 2023; x_wconf 84' lang='lat' dir='ltr'>mei</span> <span class='ocrx_word' id='word_1_145' title='bbox 1324 1981 1411 2023; x_wconf 88' lang='lat' dir='ltr'>sive</span> <span class='ocrx_word' id='word_1_146' title='bbox 1442 1980 1649 2036; x_wconf 87' lang='lat' dir='ltr'>assignati</span> <span class='ocrx_word' id='word_1_147' title='bbox 1680 1980 1916 2035; x_wconf 83' lang='lat' dir='ltr'>predictam</span> <span class='ocrx_word' id='word_1_148' title='bbox 1949 1981 2222 2022; x_wconf 81' lang='lat' dir='ltr'>donationem</span> 
     </span>
     <span class='ocr_line' id='line_1_18' title="bbox 267 2071 2226 2129; baseline -0.002 -12"><span class='ocrx_word' id='word_1_149' title='bbox 267 2075 578 2117; x_wconf 84' lang='lat' dir='ltr'>concessionem</span> <span class='ocrx_word' id='word_1_150' title='bbox 608 2076 651 2116; x_wconf 91' lang='lat' dir='ltr'>et</span> <span class='ocrx_word' id='word_1_151' title='bbox 681 2073 872 2129; x_wconf 89' lang='lat' dir='ltr'>quietam</span> <span class='ocrx_word' id='word_1_152' title='bbox 912 2073 1216 2115; x_wconf 85' lang='lat' dir='ltr'>clamacionem</span> <span class='ocrx_word' id='word_1_153' title='bbox 1256 2072 1444 2128; x_wconf 87' lang='lat' dir='ltr'>predicte</span> <span class='ocrx_word' id='word_1_154' title='bbox 1477 2076 1587 2113; x_wconf 87' lang='lat' dir='ltr'>terre</span> <span class='ocrx_word' id='word_1_155' title='bbox 1630 2086 1727 2113; x_wconf 88' lang='lat' dir='ltr'>cum</span> <span class='ocrx_word' id='word_1_156' title='bbox 1771 2071 2042 2127; x_wconf 87' lang='lat' dir='ltr'>pertinentiis</span> <span class='ocrx_word' id='word_1_157' title='bbox 2072 2071 2226 2127; x_wconf 90' lang='lat' dir='ltr'>imper-</span> 
     </span>
     <span class='ocr_line' id='line_1_19' title="bbox 270 2162 2232 2221; baseline -0.002 -14"><span class='ocrx_word' id='word_1_158' title='bbox 270 2169 450 2221; x_wconf 89' lang='lat' dir='ltr'>petuum</span> <span class='ocrx_word' id='word_1_159' title='bbox 480 2165 639 2207; x_wconf 90' lang='lat' dir='ltr'>eisdem</span> <span class='ocrx_word' id='word_1_160' title='bbox 669 2168 816 2206; x_wconf 90' lang='lat' dir='ltr'>contra</span> <span class='ocrx_word' id='word_1_161' title='bbox 846 2179 991 2206; x_wconf 91' lang='lat' dir='ltr'>omnes</span> <span class='ocrx_word' id='word_1_162' title='bbox 1020 2163 1214 2206; x_wconf 88' lang='lat' dir='ltr'>homines</span> <span class='ocrx_word' id='word_1_163' title='bbox 1244 2168 1286 2205; x_wconf 90' lang='lat' dir='ltr'>et</span> <span class='ocrx_word' id='word_1_164' title='bbox 1317 2163 1499 2205; x_wconf 79' lang='lat' dir='ltr'>feminas</span> <span class='ocrx_word' id='word_1_165' title='bbox 1529 2162 1914 2205; x_wconf 82' lang='lat' dir='ltr'>warantizabimus.</span> <span class='ocrx_word' id='word_1_166' title='bbox 1989 2163 2056 2205; x_wconf 77' lang='lat' dir='ltr'>Ut</span> <span class='ocrx_word' id='word_1_167' title='bbox 2086 2166 2232 2205; x_wconf 88' lang='lat' dir='ltr'>autem</span> 
     </span>
     <span class='ocr_line' id='line_1_20' title="bbox 266 2253 2224 2311; baseline -0.002 -12"><span class='ocrx_word' id='word_1_168' title='bbox 266 2256 344 2299; x_wconf 90' lang='lat' dir='ltr'>hec</span> <span class='ocrx_word' id='word_1_169' title='bbox 364 2272 459 2299; x_wconf 88' lang='lat' dir='ltr'>mea</span> <span class='ocrx_word' id='word_1_170' title='bbox 479 2256 653 2298; x_wconf 85' lang='lat' dir='ltr'>donatio</span> <span class='ocrx_word' id='word_1_171' title='bbox 676 2290 683 2297; x_wconf 90' lang='lat'>.</span> <span class='ocrx_word' id='word_1_172' title='bbox 709 2255 854 2311; x_wconf 86' lang='lat' dir='ltr'>quieta</span> <span class='ocrx_word' id='word_1_173' title='bbox 875 2270 922 2297; x_wconf 87' lang='lat' dir='ltr'>ac</span> <span class='ocrx_word' id='word_1_174' title='bbox 943 2255 1078 2297; x_wconf 87' lang='lat' dir='ltr'>libera</span> <span class='ocrx_word' id='word_1_175' title='bbox 1106 2255 1307 2297; x_wconf 88' lang='lat' dir='ltr'>clamacio</span> <span class='ocrx_word' id='word_1_176' title='bbox 1338 2255 1461 2296; x_wconf 89' lang='lat' dir='ltr'>firma</span> <span class='ocrx_word' id='word_1_177' title='bbox 1492 2257 1534 2296; x_wconf 90' lang='lat' dir='ltr'>et</span> <span class='ocrx_word' id='word_1_178' title='bbox 1565 2253 1730 2295; x_wconf 88' lang='lat' dir='ltr'>stabilis</span> <span class='ocrx_word' id='word_1_179' title='bbox 1761 2254 1814 2295; x_wconf 85' lang='lat' dir='ltr'>sit</span> <span class='ocrx_word' id='word_1_180' title='bbox 1846 2254 2162 2310; x_wconf 89' lang='lat' dir='ltr'>imperpetuum</span> <span class='ocrx_word' id='word_1_181' title='bbox 2182 2257 2224 2296; x_wconf 91' lang='lat' dir='ltr'>et</span> 
     </span>
     <span class='ocr_line' id='line_1_21' title="bbox 268 2345 2228 2402; baseline -0.002 -11"><span class='ocrx_word' id='word_1_182' title='bbox 268 2349 530 2398; x_wconf 88' lang='lat' dir='ltr'>inconcussa,</span> <span class='ocrx_word' id='word_1_183' title='bbox 562 2350 801 2402; x_wconf 89' lang='lat' dir='ltr'>presentem</span> <span class='ocrx_word' id='word_1_184' title='bbox 832 2349 992 2388; x_wconf 86' lang='lat' dir='ltr'>cartam</span> <span class='ocrx_word' id='word_1_185' title='bbox 1023 2361 1136 2387; x_wconf 86' lang='lat' dir='ltr'>anno</span> <span class='ocrx_word' id='word_1_186' title='bbox 1178 2345 1342 2387; x_wconf 89' lang='lat' dir='ltr'>domini</span> <span class='ocrx_word' id='word_1_187' title='bbox 1381 2346 1609 2388; x_wconf 89' lang='lat' dir='ltr'>millesimo</span> <span class='ocrx_word' id='word_1_188' title='bbox 1650 2346 1939 2387; x_wconf 89' lang='lat' dir='ltr'>ducentesimo</span> <span class='ocrx_word' id='word_1_189' title='bbox 1972 2345 2228 2401; x_wconf 89' lang='lat' dir='ltr'>octogesimo</span> 
     </span>
     <span class='ocr_line' id='line_1_22' title="bbox 277 2435 1218 2496; baseline -0.004 -14"><span class='ocrx_word' id='word_1_190' title='bbox 277 2440 430 2496; x_wconf 88' lang='lat' dir='ltr'>primo,</span> <span class='ocrx_word' id='word_1_191' title='bbox 452 2437 586 2494; x_wconf 84' lang='lat' dir='ltr'>sigilli</span> <span class='ocrx_word' id='word_1_192' title='bbox 609 2437 691 2479; x_wconf 87' lang='lat' dir='ltr'>mei</span> <span class='ocrx_word' id='word_1_193' title='bbox 712 2436 988 2492; x_wconf 89' lang='lat' dir='ltr'>impressione</span> <span class='ocrx_word' id='word_1_194' title='bbox 1008 2435 1218 2478; x_wconf 85' lang='lat' dir='ltr'>roboravi.</span> 
     </span>
    </p>

    <p class='ocr_par' dir='ltr' id='par_1_6' title="bbox 281 2527 2237 2754">
     <span class='ocr_line' id='line_1_23' title="bbox 343 2527 2233 2583; baseline -0.002 -11"><span class='ocrx_word' id='word_1_195' title='bbox 343 2529 446 2572; x_wconf 89' lang='lat' dir='ltr'>Hiis</span> <span class='ocrx_word' id='word_1_196' title='bbox 465 2529 645 2571; x_wconf 90' lang='lat' dir='ltr'>testibus</span> <span class='ocrx_word' id='word_1_197' title='bbox 668 2562 675 2570; x_wconf 95' lang='lat'><strong><em>.</em></strong></span> <span class='ocrx_word' id='word_1_198' title='bbox 701 2527 913 2570; x_wconf 72' lang='lat' dir='ltr'>HENmoo</span> <span class='ocrx_word' id='word_1_199' title='bbox 935 2543 1114 2583; x_wconf 89' lang='lat' dir='ltr'>persona</span> <span class='ocrx_word' id='word_1_200' title='bbox 1136 2528 1188 2569; x_wconf 88' lang='lat' dir='ltr'>de</span> <span class='ocrx_word' id='word_1_201' title='bbox 1220 2527 1600 2570; x_wconf 78' lang='lat' dir='ltr'>BONEVILESTONE</span> <span class='ocrx_word' id='word_1_202' title='bbox 1629 2562 1636 2570; x_wconf 95' lang='lat'>.</span> <span class='ocrx_word' id='word_1_203' title='bbox 1668 2528 1697 2571; x_wconf 91' lang='lat' dir='ltr'><strong>J</strong></span> <span class='ocrx_word' id='word_1_204' title='bbox 1701 2542 1837 2570; x_wconf 88' lang='lat' dir='ltr'>ACOBO</span> <span class='ocrx_word' id='word_1_205' title='bbox 1867 2528 1920 2569; x_wconf 88' lang='lat' dir='ltr'>de</span> <span class='ocrx_word' id='word_1_206' title='bbox 1951 2528 2233 2569; x_wconf 72' lang='lat' dir='ltr'>BoNEVILEs-</span> 
     </span>
     <span class='ocr_line' id='line_1_24' title="bbox 281 2617 2237 2664; baseline -0.002 -1"><span class='ocrx_word' id='word_1_207' title='bbox 281 2635 396 2663; x_wconf 82' lang='lat' dir='ltr'>TONE</span> <span class='ocrx_word' id='word_1_208' title='bbox 429 2652 439 2664; x_wconf 90' lang='lat'><strong>.</strong></span> <span class='ocrx_word' id='word_1_209' title='bbox 470 2619 691 2662; x_wconf 77' lang='lat' dir='ltr'>JOHANNE</span> <span class='ocrx_word' id='word_1_210' title='bbox 731 2617 964 2660; x_wconf 83' lang='lat' dir='ltr'>SPRINGAL</span> <span class='ocrx_word' id='word_1_211' title='bbox 1007 2653 1015 2660; x_wconf 94' lang='lat'>.</span> <span class='ocrx_word' id='word_1_212' title='bbox 1054 2618 1274 2660; x_wconf 74' lang='lat' dir='ltr'>JOHANNE</span> <span class='ocrx_word' id='word_1_213' title='bbox 1307 2618 1626 2661; x_wconf 80' lang='lat' dir='ltr'><strong>FRANKELEYN</strong></span> <span class='ocrx_word' id='word_1_214' title='bbox 1661 2653 1668 2661; x_wconf 94' lang='lat'>.</span> <span class='ocrx_word' id='word_1_215' title='bbox 1703 2619 1917 2661; x_wconf 81' lang='lat' dir='ltr'>ROBERTO</span> <span class='ocrx_word' id='word_1_216' title='bbox 1961 2618 2117 2660; x_wconf 77' lang='lat' dir='ltr'><strong>FABRO</strong></span> <span class='ocrx_word' id='word_1_217' title='bbox 2153 2652 2161 2660; x_wconf 89' lang='lat'><strong><em>.</em></strong></span> <span class='ocrx_word' id='word_1_218' title='bbox 2195 2622 2237 2660; x_wconf 90' lang='lat' dir='ltr'>et</span> 
     </span>
     <span class='ocr_line' id='line_1_25' title="bbox 286 2710 561 2754; baseline -0.007 0"><span class='ocrx_word' id='word_1_219' title='bbox 286 2711 435 2754; x_wconf 84' lang='lat' dir='ltr'>multis</span> <span class='ocrx_word' id='word_1_220' title='bbox 455 2710 561 2752; x_wconf 88' lang='lat' dir='ltr'>aliis.</span> 
     </span>
    </p>

    <p class='ocr_par' dir='ltr' id='par_1_7' title="bbox 346 2800 1245 2856">
     <span class='ocr_line' id='line_1_26' title="bbox 346 2800 1245 2856; baseline -0.002 -12"><span class='ocrx_word' id='word_1_221' title='bbox 346 2802 506 2844; x_wconf 80' lang='lat' dir='ltr'>Round</span> <span class='ocrx_word' id='word_1_222' title='bbox 527 2801 626 2852; x_wconf 74' lang='lat' dir='ltr'>seaL</span> <span class='ocrx_word' id='word_1_223' title='bbox 649 2816 779 2856; x_wconf 90' lang='lat' dir='ltr'>green</span> <span class='ocrx_word' id='word_1_224' title='bbox 801 2816 908 2852; x_wconf 82' lang='lat' dir='ltr'>wax,</span> <span class='ocrx_word' id='word_1_225' title='bbox 931 2815 957 2842; x_wconf 87' lang='lat' dir='ltr'>a</span> <span class='ocrx_word' id='word_1_226' title='bbox 975 2800 1245 2843; x_wconf 87' lang='lat' dir='ltr'>fleur-de—lis.</span> 
     </span>
    </p>
   </div>
   <div class='ocr_carea' id='block_1_6' title="bbox 460 2890 2062 3019">
    <p class='ocr_par' dir='ltr' id='par_1_8' title="bbox 460 2890 2062 3019">
     <span class='ocr_line' id='line_1_27' title="bbox 945 2890 1586 2939; baseline -0.002 -6"><span class='ocrx_word' id='word_1_227' title='bbox 945 2894 955 2913; x_wconf 88' lang='lat'>‘</span> <span class='ocrx_word' id='word_1_228' title='bbox 980 2898 1021 2939; x_wconf 65' lang='lat'>-4-</span> <span class='ocrx_word' id='word_1_229' title='bbox 1050 2891 1083 2933; x_wconf 89' lang='lat' dir='ltr'>s’</span> <span class='ocrx_word' id='word_1_230' title='bbox 1118 2926 1126 2933; x_wconf 92' lang='lat'>.</span> <span class='ocrx_word' id='word_1_231' title='bbox 1159 2906 1296 2933; x_wconf 73' lang='lat' dir='ltr'><strong>DAVIT</strong></span> <span class='ocrx_word' id='word_1_232' title='bbox 1328 2926 1336 2933; x_wconf 92' lang='lat'>.</span> <span class='ocrx_word' id='word_1_233' title='bbox 1370 2906 1551 2933; x_wconf 73' lang='lat' dir='ltr'><strong>SPVDVR.</strong></span> <span class='ocrx_word' id='word_1_234' title='bbox 1577 2890 1586 2909; x_wconf 93' lang='lat'>&#39;</span> 
     </span>
     <span class='ocr_line' id='line_1_28' title="bbox 460 2981 2062 3019; baseline -0.001 -7"><span class='ocrx_word' id='word_1_235' title='bbox 460 2983 519 3012; x_wconf 81' lang='lat' dir='ltr'>See</span> <span class='ocrx_word' id='word_1_236' title='bbox 534 2982 626 3012; x_wconf 78' lang='lat' dir='ltr'>other</span> <span class='ocrx_word' id='word_1_237' title='bbox 640 2983 736 3012; x_wconf 78' lang='lat' dir='ltr'>deeds</span> <span class='ocrx_word' id='word_1_238' title='bbox 751 2983 784 3011; x_wconf 80' lang='lat' dir='ltr'>of</span> <span class='ocrx_word' id='word_1_239' title='bbox 808 2982 872 3011; x_wconf 64' lang='lat' dir='ltr'>this</span> <span class='ocrx_word' id='word_1_240' title='bbox 889 2982 995 3011; x_wconf 76' lang='lat' dir='ltr'>David</span> <span class='ocrx_word' id='word_1_241' title='bbox 1011 2981 1142 3019; x_wconf 81' lang='lat' dir='ltr'>Spudur</span> <span class='ocrx_word' id='word_1_242' title='bbox 1157 2982 1189 3010; x_wconf 84' lang='lat' dir='ltr'>in</span> <span class='ocrx_word' id='word_1_243' title='bbox 1207 2982 1283 3011; x_wconf 88' lang='lat' dir='ltr'>Nos.</span> <span class='ocrx_word' id='word_1_244' title='bbox 1301 2981 1434 3019; x_wconf 88' lang='lat' dir='ltr'>DCCL.‚</span> <span class='ocrx_word' id='word_1_245' title='bbox 1450 2981 1601 3013; x_wconf 82' lang='lat' dir='ltr'>DCCLL,</span> <span class='ocrx_word' id='word_1_246' title='bbox 1618 2981 1788 3018; x_wconf 79' lang='lat' dir='ltr'>DCCLIL,</span> <span class='ocrx_word' id='word_1_247' title='bbox 1802 2982 1866 3011; x_wconf 85' lang='lat' dir='ltr'>and</span> <span class='ocrx_word' id='word_1_248' title='bbox 1883 2981 2062 3012; x_wconf 77' lang='lat' dir='ltr'>DCOLHL</span> 
     </span>
    </p>
   </div>
  </div>
 </body>
</html>
