2425 3423
1889 230 2002 271 2153

162 440 377 483 Nolumus
411 442 556 481 tamen
586 437 664 480 has
695 438 840 480 literas
869 439 1034 479 nostras
1066 436 1153 479 vim
1188 440 1232 479 et
1261 436 1390 479 robur
1418 435 1573 480 habere
1596 440 1670 480 aut
1700 437 1900 480 effectum
1931 451 2056 479 suum

104 531 244 574 sortiri
275 530 359 573 nisi
390 530 493 572 dicti
521 529 684 586 egregii
716 531 759 571 et
789 527 1019 584 prenobilis
1049 527 1129 569 viri
1160 527 1382 570 EnwARm
1414 526 1686 570 STRADLYNG
1718 527 1868 570 militis
1901 541 2054 570 manus

106 621 410 677 subscriptione
431 624 474 663 et
494 621 625 676 sigilli
646 619 902 676 appensione
924 618 1192 661 muniuntur.

163 713 218 755 In
240 727 420 768 quorum
451 713 642 754 omnium
663 713 704 753 et
726 710 993 766 singulorum
1013 709 1312 765 premissorum
1333 710 1462 752 fidem
1486 714 1529 752 et
1548 709 1840 752 testimonium
1861 709 2053 766 sigillum

107 807 300 847 nostrum
322 803 555 859 episcopale
574 801 840 858 presentibus
861 801 1016 856 apponi
1038 800 1217 843 fecimus
1237 800 1480 856 eisdemque
1493 800 1824 856 subscripsimus.

165 894 329 937 Datum
351 897 497 936 octavo
518 893 587 935 die
606 892 762 935 mensis
782 891 972 947 Augusti
989 905 1101 934 anno
1122 890 1300 933 Domini
1314 891 1538 933 millesimo
1555 891 1857 934 sexcentesimo
1872 891 2051 947 septimo

107 963 149 1027 et
169 991 309 1028 nostre
333 983 657 1026 consecrationis
677 997 790 1026 anno
811 986 930 1025 sexto
954 983 1079 1024 1607.

164 1076 225 1118 Et
245 1090 324 1131 ego
346 1073 560 1130 predictus
580 1074 842 1116 EDWARDUS
863 1072 1134 1116 STRADLYNG
1155 1073 1276 1116 miles
1297 1073 1440 1115 omnia
1461 1075 1503 1116 et
1525 1072 1695 1129 singula
1707 1073 1910 1129 premissa
1930 1076 2054 1129 grata

108 1172 150 1208 et
169 1169 262 1208 rata
278 1164 426 1207 habeo.
489 1164 627 1220 quue
643 1179 796 1206 manus
816 1179 908 1206 mee
929 1163 1237 1219 subscripcione
1253 1166 1295 1205 et
1315 1164 1399 1206 mei
1421 1163 1551 1220 sigilli
1573 1164 1829 1219 appensione
1849 1166 2054 1207 testatum

106 1256 300 1311 relinquo
321 1258 469 1297 octavo
490 1254 558 1296 die
578 1254 770 1310 Augusti
790 1254 978 1310 predicto
1000 1269 1196 1309 annoque
1216 1253 1395 1296 Domini
1416 1254 1670 1310 supradicto.

579 1344 741 1400 Signed
860 1344 940 1386 FB.
964 1343 1293 1387 LANDAVENSIS.
1413 1344 1650 1386 EDWARDE
1682 1344 1995 1388 STRADLYNGE.

164 1435 266 1478 Two
288 1436 407 1487 seals,
429 1435 533 1477 both
555 1435 759 1491 wanting.
822 1434 945 1477 Deed
967 1435 1075 1476 Poll.

161 1527 456 1569 Endorsed—‘
479 1525 636 1582 [Nash.
698 1525 880 1568 Licence
915 1528 960 1567 to
996 1525 1106 1580 bury
1127 1526 1213 1567 and
1249 1525 1431 1568 christen
1464 1526 1582 1568 there
1613 1526 1659 1568 in
1681 1526 1752 1568 the
1775 1526 1922 1582 chapel
1943 1527 2056 1570 from

106 1618 178 1659 the
201 1617 362 1672 Bishop
385 1616 429 1658 of
451 1615 706 1672 Llandaff.']

822 1689 901 1718 This
918 1693 989 1718 text
1005 1691 1031 1718 is
1047 1694 1105 1718 not
1121 1699 1193 1718 now
1213 1692 1339 1719 extant.

890 1862 1256 1906 MOOOOXOIV.

112 1972 282 2016 BOND
316 1972 402 2014 BY
434 1971 536 2014 sin
566 1970 836 2014 FnANcis
867 1971 1188 2023 MANNERS,
1222 1970 1382 2024 KNT.,
1414 1971 1491 2013 oF
1522 1972 1781 2016 FARLEY
1812 1973 2059 2028 cAsTLn,

249 2063 325 2106 To
367 2062 469 2106 sin
509 2062 675 2106 JOHN
712 2061 938 2114 cARNE,
983 2062 1143 2113 KNT„
1176 2062 1311 2105 AND
1353 2062 1456 2105 sin
1491 2063 1741 2107 ROBERT
1778 2064 2058 2119 DORMER,

249 2154 411 2205 KNT„
444 2153 515 2196 IN
548 2153 729 2206 ςεἳροο.

830 2235 1061 2291 [MARGAM
1094 2235 1351 2292 CHARTER]

1268 2327 1324 2368 27
1355 2326 1493 2370 JUNE.
1571 2329 1596 2369 7
1627 2327 1721 2371 JAs.
1754 2328 1791 2371 I.
1871 2331 1995 2372 1609.

158 2436 370 2479 Noverint
390 2435 577 2477 universi
598 2450 673 2490 per
689 2438 905 2490 presentes
925 2449 993 2477 me
1016 2434 1336 2477 FFRANCISCUM
1357 2434 1554 2477 MANERS
1575 2437 1628 2478 de
1650 2436 1864 2479 FFARLEY
1882 2437 2052 2480 CASTLE

101 2528 146 2570 in
169 2527 374 2570 comitatu
395 2525 656 2568 SOMERSETT
676 2525 859 2568 militem
879 2525 1015 2568 teneri
1032 2528 1074 2568 et
1094 2525 1273 2568 firmiter
1293 2525 1474 2581 obligari
1494 2526 1524 2569 J
1526 2540 1704 2569 OHANNI
1736 2527 1893 2570 CARNE
1924 2529 2053 2571 militi

101 2621 144 2661 et
164 2618 378 2661 ROBERTO
399 2616 602 2659 DORMER
621 2616 751 2659 militi
771 2617 817 2659 in
838 2616 1003 2659 duabus
1023 2616 1141 2659 mille
1162 2617 1281 2659 libris
1301 2616 1412 2659 bone
1432 2620 1475 2659 et
1504 2618 1655 2674 legalis
1673 2621 1842 2662 monete
1863 2619 2048 2663 ANGLIE

102 2708 313 2751 solvendis
344 2707 503 2750 eisdem
532 2706 561 2749 J
564 2721 740 2749 OHANNI
773 2706 931 2749 CARNE
965 2711 1008 2750 et
1048 2707 1262 2750 ROBERTO
1293 2707 1505 2760 Donmm,
1538 2723 1611 2751 seu
1651 2724 1796 2752 eorum
1828 2711 1951 2753 alteri
1983 2711 2051 2754 vel

102 2813 248 2842 eorum
270 2798 392 2840 certis
413 2798 642 2840 atturnatis
659 2798 951 2841 executoribus
972 2799 1039 2841 vel
1055 2798 1469 2841 administratoribus
1485 2799 1582 2842 suis.
1644 2800 1716 2842 Ad
1733 2816 1861 2856 quam
1877 2801 2051 2856 quidem

101 2890 358 2934 solucionem
378 2889 486 2932 bene
507 2892 550 2931 et
570 2889 753 2932 fideliter
769 2889 1014 2932 faciendum
1035 2890 1178 2945 obligo
1208 2904 1276 2932 me
1296 2890 1471 2934 heredes
1501 2893 1742 2934 executores
1772 2896 1814 2934 et
1844 2893 2049 2936 adminis-

103 2983 283 3024 tratores
303 2995 418 3023 meos
437 2979 615 3022 firmiter
635 2995 710 3036 per
731 2984 945 3036 presentes
966 2981 1107 3037 sigillo
1128 2996 1222 3024 meo
1242 2981 1464 3038 sigillatas.

338 3120 409 3154 lU
