2425 3423
1900 227 2012 269 2121

890 436 1308 481 MGOOGLXXVI.

305 564 707 613 INQUISITION
766 563 976 606 AFTER
1035 561 1165 604 THE
1226 559 1447 603 DEATH
1507 560 1585 602 OF
1643 558 1885 602 JENKIN

593 661 1046 706 TURBERVILLE
1108 660 1186 703 OF
1246 659 1604 702 PENLLYNE.

212 781 399 840 [PRO.
433 781 681 824 CHANCERY
712 779 1032 824 INQU1s1T10Ns.
1096 778 1150 818 39
1182 776 1462 819 ELIZABETH.
1526 775 1603 818 PT.
1636 774 1716 827 IL,
1748 774 1832 817 No.
1858 773 1978 830 174.]

1332 893 1387 934 23
1419 891 1548 934 SEPT.
1609 892 1663 932 39
1696 890 1823 932 Em.
1886 890 2012 931 1597.

180 1013 433 1056 Liberatum
454 1013 539 1055 fuit
559 1012 673 1054 curie
694 1017 782 1054 xx0·
795 1012 862 1053 die
894 1010 1151 1054 Novembris
1182 1024 1294 1051 anno
1325 1009 1452 1050 XL1¹¹¹⁰·
1475 1008 1644 1064 Regine
1674 1007 1788 1050 infra
1818 1006 1970 1062 scripte
1999 1020 2075 1061 per

124 1119 277 1146 manus
298 1103 490 1145 ΜΑΤΗΕΙ
512 1103 700 1145 DAvms.

183 1193 416 1250 Inquisicio
437 1194 661 1235 indentata
691 1195 814 1248 capta
844 1193 958 1248 apud
991 1191 1165 1234 CARmr
1195 1191 1241 1233 in
1273 1191 1478 1234 comitatu
1509 1189 1797 1233 GLAMORGAN
1827 1195 1976 1230 XXI1J0·
2009 1187 2079 1231 die

127 1284 387 1341 Septembris
408 1299 520 1326 anno
542 1284 665 1340 regni
687 1285 858 1325 domiue
879 1286 1021 1325 nostre
1041 1282 1336 1324 ELIZABETHE
1368 1281 1453 1324 Dei
1484 1281 1626 1338 gracia
1655 1280 1841 1322 ANGLIE
1872 1279 2078 1321 Famem

123 1382 165 1418 et
202 1376 443 1418 HIBERNIE
485 1375 654 1430 Regine
695 1374 793 1416 fidei
834 1373 1069 1416 defensoris
1109 1376 1185 1415 etc.
1229 1372 1439 1415 tricesimo
1480 1387 1593 1414 nono
1634 1385 1773 1414 coram
1817 1371 2077 1415 WILLELMO

126 1466 355 1509 HERBERT
385 1466 522 1508 milite
564 1500 571 1507 .
616 1464 784 1507 ΤΗΟΜΑ
816 1464 973 1506 CARNE
1005 1464 1216 1520 armigero
1249 1496 1258 1507 .
1291 1463 1530 1506 NICHOLAO
1561 1463 1791 1506 HERBERT
1823 1463 2033 1519 armigero
2066 1496 2074 1504 .

130 1557 358 1600 Gmmvmo
381 1557 625 1600 WILLIAMS
646 1556 857 1612 armigero
890 1590 898 1598 .
932 1555 1132 1597 ΜΑΤΗΕΟ
1154 1554 1340 1597 DAVYES
1362 1569 1566 1611 generoso
1586 1558 1629 1598 et
1659 1555 1873 1598 Rossmzro
1894 1554 2082 1597 BUTTON

129 1652 337 1691 escaetore
372 1648 529 1690 virtute
568 1647 708 1690 brevis
748 1647 834 1689 sive
871 1646 1174 1689 commissionis
1207 1646 1317 1688 dicte
1357 1646 1529 1689 domine
1570 1646 1739 1703 Regino
1773 1649 1869 1702 post
1903 1648 2084 1688 mortem

129 1740 160 1784 J
164 1754 331 1782 ENKINI
353 1739 651 1781 TURBERVILL
672 1753 809 1793 nuper
830 1738 882 1780 de
912 1737 1160 1779 PENLLYNE
1182 1737 1227 1778 in
1258 1737 1463 1779 comitatu
1493 1737 1682 1792 predicto
1713 1737 1907 1779 defuncti
1927 1736 2086 1779 eisdem

129 1834 172 1873 et
212 1830 306 1872 aliis
341 1830 491 1872 directi
527 1835 568 1871 et
604 1829 703 1870 huic
739 1827 1010 1884 inquisicioni
1038 1828 1195 1869 annexi
1231 1843 1306 1883 per
1338 1832 1600 1870 sacramenta
1636 1827 1832 1871 GEORGII
1869 1827 2032 1870 KEMYs
2075 1860 2084 1868 .

131 1921 351 1963 MORGANI
379 1919 577 1962 GAMAGE
606 1954 613 1960 .
648 1919 839 1960 MATHEI
863 1918 1086 1961 WILLIAM
1115 1952 1122 1960 .
1153 1918 1296 1961 REcm
1329 1918 1589 1961 GRIFFITHE
1613 1953 1620 1961 .
1661 1912 1806 1961 RE'cffl
1834 1918 2030 1960 KNAPPE
2075 1952 2082 1961 .

134 2011 370 2055 Grmrrum
401 2011 580 2053 JOHNES
614 2043 622 2051 .
655 2009 887 2053 JOHANNIS
918 2008 1107 2051 THOMAS
1140 2008 1293 2051 GLINN
1327 2044 1334 2052 .
1368 2009 1568 2051 M1L0N1s
1597 2009 1843 2052 W1LCOCKE
1877 2044 1884 2052 .
1919 2009 2086 2051 ΤΗΟΜΕ

133 2103 259 2146 JOHN
282 2102 385 2145 DEE
418 2136 426 2144 .
459 2102 680 2143 MORGANI
709 2100 942 2143 JOHANNIS
975 2134 982 2142 .
1016 2100 1248 2142 JOHANNIS
1279 2100 1434 2142 DAVID
1468 2134 1475 2142 .
1512 2100 1756 2143 WILLELMI
1780 2099 2040 2143 GrmFFITHE
2074 2133 2083 2141 .

135 2193 353 2235 LODOVICI
385 2208 438 2247 ap
471 2192 685 2234 Rmfflim)
718 2225 726 2233 .
761 2191 994 2233 RICHARDI
1035 2190 1267 2234 «IOHANNIS
1307 2191 1497 2233 SMYTHE
1540 2226 1548 2234 .
1592 2191 1824 2235 JOHANNIS
1854 2191 2041 2234 JEVANN
2075 2225 2085 2234 .

134 2284 412 2326 ALEXANDRI
435 2282 694 2325 GRIFmTHE
717 2284 758 2324 et
790 2281 994 2324 Rossmm
1026 2297 1078 2337 ap
1109 2281 1139 2325 J
1142 2297 1264 2325 EUAN
1296 2282 1523 2338 proborum
1555 2286 1596 2325 et
1626 2283 1833 2338 legalium
1863 2282 2088 2325 hominum

137 2375 363 2417 comitatus
383 2373 574 2429 predicti.
637 2372 725 2418 Qui
746 2373 918 2427 quidem
938 2373 1148 2429 juratores
1169 2388 1293 2429 super
1314 2379 1624 2416 sacramentum
1645 2388 1769 2416 suum
1800 2374 1949 2415 dicunt
1971 2375 2087 2429 quod

138 2466 352 2522 predictus
383 2464 411 2507 J
417 2477 618 2505 ENKINUS
649 2463 945 2506 TURBERVILL
976 2463 1081 2506 obiit
1115 2471 1285 2506 xmeO·
1320 2464 1388 2506 die
1419 2464 1644 2520 Februarij
1679 2480 1792 2507 anno
1822 2465 1945 2520 regni
1977 2465 2088 2507 dicte

139 2555 310 2598 domine
331 2554 500 2610 Regine
521 2560 712 2596 XXXIXm'·
734 2557 775 2596 et
798 2555 912 2609 quod
942 2554 1116 2610 quidam
1147 2555 1523 2598 CHRISTOPHERUS
1553 2555 1852 2598 TURBERVILL
1883 2558 1946 2598 est
1976 2555 2090 2599 filius

139 2651 181 2689 et
201 2646 321 2688 heres
337 2645 555 2701 proximus
575 2644 755 2701 predicti
776 2644 805 2687 J
808 2659 974 2686 ENKINI
992 2648 1034 2687 et
1055 2646 1169 2701 quod
1190 2645 1279 2701 ipse
1299 2646 1490 2702 prefatus
1507 2646 1883 2689 CHRISTOPHERUS
1899 2650 2089 2702 tempore

139 2737 288 2780 mortis
320 2736 453 2792 patris
485 2735 550 2778 sui
587 2735 766 2791 predicti
799 2735 884 2777 fuit
915 2736 1040 2779 etatis
1077 2736 1231 2792 viginti
1266 2740 1310 2779 et
1342 2752 1414 2779 sex
1447 2752 1658 2780 annorum
1688 2741 1731 2780 et
1770 2738 1965 2793 amplius.
2028 2737 2090 2780 Et

139 2829 349 2885 juratores
378 2826 557 2883 predicti
598 2826 746 2868 dicunt
786 2827 900 2881 quod
940 2827 1114 2882 quidam
1155 2827 1440 2871 WILLELMUS
1480 2828 1707 2870 HERBERT
1738 2828 1988 2870 duodecimo
2018 2828 2087 2871 die

140 2920 169 2963 J
172 2919 246 2975 ulij
271 2932 384 2961 anno
404 2918 528 2973 regni
549 2918 659 2958 dicte
680 2917 851 2958 domine
878 2917 1047 2973 Regine
1067 2918 1290 2961 undecimo
1310 2922 1414 2961 tunc
1434 2918 1620 2975 armiger
1650 2921 1692 2961 et
1712 2919 1840 2960 modo
1860 2918 1982 2960 miles
2003 2918 2088 2961 fuit

133 3010 306 3054 *saisitus
336 3009 382 3051 in
413 3007 625 3050 dominico
656 3022 730 3050 suo
761 3010 809 3050 ut
841 3008 893 3050 de
923 3007 1048 3051 feodo
1079 3009 1131 3050 de
1161 3011 1203 3052 et
1233 3008 1279 3051 in
1311 3024 1396 3051 una
1426 3009 1608 3065 grangia
1633 3009 1720 3051 sive
1741 3009 1863 3051 firma
1883 3011 2030 3051 vocata
2050 3008 2092 3051 le

344 3148 436 3185 110
