2425 3423
2046 272 2160 312 2287

1109 476 1378 520 MDLXVI.

271 589 486 634 GRANT
520 589 606 632 BY
641 586 922 638 MORGAN,
957 584 1074 628 SON
1111 584 1189 627 OF
1223 584 1526 635 GARADOQ
1563 583 1640 626 TO
1677 583 1956 627 MARGAM
1996 583 2212 627 ABBEY

416 681 494 724 OF
535 678 821 722 PASTURE
863 675 1177 720 BETWEEN
1219 675 1349 718 THE
1399 674 1617 718 AVENE
1657 674 1793 717 AND
1843 674 2036 726 NETH,
2088 675 2211 717 FOR

416 769 692 814 TWENTY
732 765 1071 811 SHILLINGS
1112 764 1376 807 YEARLY
1418 764 1601 808 RENT.

988 873 1220 930 [MARGAM
1251 872 1504 926 CHARTER]

530 983 682 1025 CARTA
713 982 933 1025 MORGANI
965 981 1088 1023 F1L11
1121 981 1347 1023 GARADom
1379 994 1437 1021 DE
1468 979 1678 1023 PASTURA
1710 996 1759 1024 IN
1791 981 1953 1024 Mnms.

329 1090 477 1133 Sciant
506 1094 596 1133 tam
626 1093 841 1146 presentes
871 1104 1000 1144 quam
1030 1090 1184 1144 posteri
1221 1121 1230 1130 .
1263 1090 1377 1144 quod
1407 1103 1486 1144 ego
1517 1088 1773 1131 MORGANUS
1803 1089 1916 1131 filius
1942 1088 2168 1131 CARADom
2203 1122 2210 1130 .

271 1181 453 1224 concessi
483 1180 627 1223 abbati
658 1183 700 1223 et
729 1180 946 1223 monachis
976 1181 1028 1222 de
1059 1180 1259 1222 MORGAN
1290 1183 1508 1236 pasturam
1528 1180 1639 1222 inter
1659 1179 1864 1222 AUENAM
1885 1184 1928 1222 et
1948 1179 2086 1222 NETH
2119 1214 2128 1222 .
2161 1180 2214 1222 ab

269 1271 437 1314 AVENA
468 1286 600 1326 usque
631 1272 685 1313 ad
716 1271 830 1312 viam
860 1286 942 1326 que
963 1271 1082 1312 vadit
1112 1286 1136 1313 a
1167 1271 1327 1326 capella
1358 1270 1585 1313 CARADOCI
1616 1285 1749 1326 usque
1781 1270 2005 1313 BAGALAN
2039 1304 2048 1313 .
2080 1274 2216 1313 totam

271 1362 445 1405 omnino
493 1396 500 1404 .
552 1396 559 1404 .
608 1395 616 1404 .
667 1395 675 1403 .
724 1360 857 1418 [tam]
892 1361 937 1403 in
968 1361 1117 1404 MEL1s
1143 1377 1272 1417 quam
1302 1361 1347 1403 in
1381 1361 1568 1404 mariscis
1598 1395 1606 1404 .
1643 1364 1685 1404 et
1720 1361 1798 1404 hoc
1823 1376 1898 1418 pro
1932 1395 1939 1403 .
1968 1376 2040 1404 xx,
2071 1362 2216 1404 solidis

272 1453 497 1495 annuatim
518 1453 683 1494 dandis.

1098 1643 1392 1686 MDLXVH.

274 1752 488 1796 GRANT
540 1751 627 1794 BY
677 1750 945 1793 MORGAN
1010 1750 1091 1792 ΑΡ
1154 1750 1454 1793 KARADOO
1516 1750 1592 1793 TO
1645 1750 1775 1793 THE
1826 1750 2093 1794 OHUROH
2140 1750 2218 1793 OF

418 1843 500 1886 ST.
536 1841 839 1885 LEONARD
873 1841 952 1884 OF
984 1840 1368 1884 NEWOASTLE
1401 1841 1483 1883 DE
1516 1841 1886 1895 RUTHELAN,
1923 1842 2001 1885 OF
2042 1841 2218 1884 LAND

418 1933 500 1976 AT
531 1933 613 1977 ST.
647 1931 961 1983 TUDDOO'S,
991 1931 1125 1973 AND
1153 1931 1282 1973 THE
1317 1931 1550 1974 RIGHTS
1583 1931 1717 1974 AND
1746 1931 1912 1975 FREE
1942 1932 2219 1976 CUSTOMS

419 2025 497 2068 OF
538 2024 668 2067 THE
710 2022 977 2067 OHUROH
1017 2022 1091 2065 AS
1133 2022 1310 2065 THEY
1346 2022 1533 2066 WERE
1569 2022 1746 2065 HELD
1784 2023 1856 2066 IN
1897 2023 2027 2066 THE
2061 2023 2219 2067 TIME

421 2115 499 2158 OF
540 2115 670 2158 THE
712 2114 896 2157 EARL.

991 2213 1222 2269 [MARGAM
1255 2212 1510 2269 CHARTER]

1952 2287 1998 2330 G.
2034 2288 2158 2330 1200.

332 2379 513 2422 Noverit
545 2382 635 2421 tam
666 2379 911 2420 futurorum
946 2393 1075 2434 quam
1106 2379 1370 2434 presencium
1402 2378 1655 2421 universitas
1695 2380 1811 2434 quod
1850 2394 1929 2435 ego
1961 2379 2218 2421 MORGANUs

274 2470 386 2512 filius
406 2469 645 2512 KARADom
667 2470 767 2511 dedi
788 2473 829 2511 et
851 2469 1032 2511 concessi
1053 2470 1222 2512 ecclesie
1243 2470 1389 2512 Sancti
1409 2469 1650 2512 LEONARDI
1671 2470 1723 2512 de
1755 2469 1885 2513 Novo
1917 2470 2142 2512 CASTELLO
2164 2471 2216 2513 de

272 2560 531 2603 RUTHELAN
568 2567 651 2602 xLa·
676 2574 792 2602 acras
822 2562 931 2601 terre
961 2560 1140 2614 desuper
1170 2558 1375 2601 Sanctum
1406 2558 1656 2602 TUDDOCUM
1686 2575 1760 2616 per
1791 2560 1947 2602 divisas
1963 2561 2214 2603 constitutas

275 2650 321 2692 in
360 2653 611 2707 perpetuam
657 2650 930 2693 elemosinam
970 2649 1100 2692 libere
1142 2653 1183 2691 et
1231 2649 1371 2705 quiete
1411 2650 1464 2692 ab
1510 2651 1626 2693 omni
1670 2650 1843 2693 servicio
1891 2652 2097 2694 tenendas
2138 2666 2214 2707 pro

277 2741 419 2784 anima
439 2757 533 2784 mea
553 2744 596 2784 et
616 2756 691 2797 pro
713 2740 936 2783 animabus
955 2741 1088 2796 patris
1109 2746 1151 2783 et
1172 2741 1319 2783 matris
1339 2742 1432 2783 mee
1466 2775 1474 2783 .
1507 2741 1691 2798 Insuper
1711 2742 1880 2784 ecclesie
1901 2745 1943 2785 et
1973 2742 2216 2785 custodibus

275 2834 317 2874 et
336 2831 579 2875 hominibus
600 2832 638 2887 ej
645 2833 793 2874 usdem
814 2832 956 2874 omnia
975 2831 1074 2887 jura
1094 2846 1170 2874 sua
1190 2835 1233 2874 et
1253 2831 1405 2874 liberas
1425 2833 1751 2876 consuetudines
1770 2834 1816 2875 in
1836 2834 1959 2875 terris
1978 2833 2025 2875 in
2045 2833 2218 2875 decimis

276 2923 321 2964 in
342 2923 512 2978 capellis
534 2923 579 2964 in
600 2923 739 2978 planis
758 2923 804 2965 in
827 2923 990 2978 pascuis
1010 2922 1055 2964 in
1076 2922 1156 2964 viis
1186 2923 1230 2964 in
1262 2923 1422 2965 semitis
1451 2923 1497 2965 in
1528 2924 1647 2979 aquis
1677 2923 1722 2965 in
1752 2923 1885 2979 pratis
1905 2924 1950 2965 in
1971 2937 2142 2966 nemore
2172 2923 2218 2965 in

278 3012 527 3055 comunione
556 3012 603 3054 in
633 3013 890 3055 molendinis
919 3016 961 3055 et
991 3012 1037 3054 in
1068 3013 1184 3054 omni
1215 3013 1306 3055 loco
1337 3012 1593 3070 qui[c]quid
1632 3015 1688 3056 ad
1727 3014 2003 3070 prescriptam
2033 3014 2219 3069 pertinet
