2425 3423
1902 276 2015 317 2373

124 474 171 516 in
192 473 441 516 occidentali
462 477 580 529 parte
605 509 612 517 .
641 478 682 517 et
713 475 758 517 in
789 475 1018 518 latitudine
1048 476 1160 518 inter
1188 479 1345 519 terram
1374 477 1404 520 J
1407 493 1606 522 οΗΑΝΝῙε
1636 480 1785 524 Moms
1815 482 1861 524 in
1891 484 2065 527 australi

120 567 240 620 parte
271 567 313 606 et
343 567 500 606 terram
530 564 696 607 ΤΗοΜΕ
728 565 922 608 Gonnoo’
954 566 999 607 in
1039 565 1190 608 boriali
1229 571 1349 623 parte
1391 602 1399 611 .
1443 569 1707 613 Habendum
1748 576 1790 615 et
1830 576 2063 617 tenendum

120 655 329 712 predictas
349 656 455 697 duas
476 670 591 698 acras
611 659 721 698 terre
741 657 794 698 de
814 671 882 698 me
903 660 945 698 et
966 656 1191 699 heredibus
1212 659 1316 700 meis
1337 660 1407 701 uel
1427 661 1654 716 assignatis
1674 663 1874 718 predictis
1894 663 2061 708 Tuom

118 747 158 788 le
179 745 367 788 TYELAR
388 749 429 788 et
450 745 480 789 J
482 761 659 789 OHANNI
680 747 719 789 le
741 746 927 789 TYELAR
948 750 989 789 et
1011 747 1237 790 heredibus
1257 749 1343 791 suis
1362 751 1429 791 vel
1460 751 1686 807 assignatis
1706 768 1835 809 Vsque
1856 755 1911 798 ad
1931 756 2059 799 finem

117 840 300 893 quatuor
330 852 539 879 annorum
570 839 768 880 continue
799 838 1102 893 completorum
1144 872 1153 881 .
1196 840 1378 882 termino
1409 841 1637 897 incipiente
1670 844 1724 885 ad
1756 843 1914 887 festum
1946 846 2059 890 beati

118 928 375 970 MICHAEms
405 943 518 970 anno
549 928 712 970 domini
741 929 966 972 millesimo
997 930 1282 973 tricentesimo
1318 931 1514 975 vicesimo
1554 934 1744 989 septimo.
1818 935 1915 978 Tali
1936 942 2058 992 pacto

115 1020 228 1075 quod
260 1019 294 1061 si
325 1034 404 1075 ego
434 1019 648 1075 predictus
678 1020 707 1062 J
710 1034 919 1062 OHANNES
949 1021 988 1062 le
1019 1020 1182 1064 YONGE
1214 1022 1281 1063 vel
1311 1021 1485 1065 heredes
1513 1024 1598 1066 mei
1628 1025 1714 1067 sive
1744 1027 1950 1083 assignati
1971 1044 2057 1072 non

115 1110 394 1166 persolverint
427 1113 610 1165 quatuor
644 1125 805 1153 marcas
826 1114 868 1152 et
901 1115 994 1153 octo
1033 1112 1226 1154 denarios
1265 1113 1464 1167 predictis
1504 1113 1670 1157 ΤΗΟΜΕ
1711 1116 1750 1159 le
1791 1116 1978 1161 TYELAR
2016 1123 2059 1162 et

114 1200 144 1244 J
146 1215 322 1243 OHANNI
343 1201 383 1242 le
404 1200 591 1243 TYELAR
606 1201 672 1243 vel
688 1201 913 1243 heredibus
928 1202 1014 1243 suis
1027 1201 1113 1243 sive
1129 1201 1355 1257 assignatis
1369 1203 1482 1245 inter
1497 1203 1656 1247 festum
1669 1206 1782 1249 beati
1797 1207 2057 1252 MICHAEms

113 1294 157 1333 et
186 1291 343 1333 festum
374 1291 565 1333 omnium
597 1289 849 1333 Sanctorum
880 1292 1049 1346 quando
1070 1292 1335 1347 complentur
1355 1293 1473 1349 prius
1493 1300 1675 1350 quatuor
1694 1312 1828 1340 annos
1847 1300 2057 1354 predictas

112 1382 218 1423 duas
248 1396 363 1424 acras
393 1384 502 1423 terre
533 1381 769 1424 remanebit
798 1382 997 1436 predictis
1027 1382 1193 1425 ΤΗοΜΕ
1215 1385 1257 1425 et
1288 1383 1496 1426 JOHANNI
1525 1389 1568 1428 et
1599 1386 1825 1431 heredibus
1855 1390 1940 1431 suis
1970 1390 2057 1433 sive

111 1473 337 1529 assignatis
357 1487 487 1528 vsque
508 1473 563 1514 ad
583 1473 712 1514 finem
733 1473 913 1515 aliorum
936 1481 1118 1528 quatuor
1147 1488 1356 1517 annorum
1386 1477 1579 1530 proxime
1618 1479 1889 1533 sequencium
1922 1484 1964 1523 et
2000 1482 2058 1524 sic

110 1578 273 1619 semper
302 1564 354 1604 de
400 1566 582 1618 quatuor
624 1563 747 1604 annis
790 1564 843 1604 ad
889 1567 1071 1618 quatuor
1113 1578 1246 1606 annos
1277 1598 1286 1607 .
1320 1579 1537 1623 quousque
1576 1569 1629 1611 de
1659 1570 1846 1625 predicta
1876 1573 2054 1626 pecunia

110 1653 187 1696 sibi
216 1654 404 1710 plenarie
435 1653 698 1696 satisfactum
729 1654 872 1696 fuerit.
935 1654 1172 1697 Reddendo
1203 1658 1244 1696 et
1276 1655 1469 1699 faciendo
1499 1658 1599 1701 inde
1629 1661 1853 1704 annuatim
1883 1664 2053 1718 capitali

108 1745 280 1787 domino
311 1746 363 1787 de
392 1744 632 1786 KENEFEG'
664 1745 806 1786 omnia
836 1745 1012 1787 seruicia
1051 1745 1150 1787 inde
1183 1745 1327 1788 debita
1366 1751 1408 1789 et
1448 1754 1647 1792 consueta
1694 1785 1702 1793 .
1747 1751 1807 1794 Et
1843 1767 1922 1808 ego
1959 1769 2056 1797 vero

107 1837 321 1893 predictus
340 1836 370 1879 J
372 1850 582 1878 OHANNES
602 1836 641 1878 le
672 1835 837 1878 YONGE
869 1839 911 1878 et
940 1836 1115 1878 heredes
1136 1837 1219 1878 mei
1251 1838 1317 1879 vel
1337 1839 1543 1894 assignati
1563 1842 1773 1895 predictas
1803 1844 1909 1886 duas
1938 1860 2054 1888 acras

107 1931 217 1970 terre
237 1927 435 1982 predictis
457 1927 623 1969 Tuom:
645 1932 686 1969 et
707 1927 737 1969 J
740 1942 916 1969 OHANNI
941 1932 983 1969 et
1009 1927 1234 1970 heredibus
1268 1929 1354 1971 suis
1384 1930 1450 1971 vel
1480 1930 1706 1987 assignatis
1734 1936 1880 1976 contra
1910 1950 2055 1979 omnes

106 2018 299 2060 homines
318 2021 360 2060 et
381 2018 559 2060 feminas
579 2018 949 2061 warantizabimus
973 2022 1015 2060 et
1036 2018 1081 2060 in
1102 2022 1192 2061 tota
1223 2019 1360 2061 forma
1390 2021 1620 2077 prescripta
1639 2023 1917 2068 defendemus
1950 2060 1958 2068 .
1992 2026 2051 2070 Et

105 2109 139 2151 si
159 2109 221 2151 ita
241 2108 462 2165 contingat
481 2123 550 2151 me
570 2109 784 2164 predictus
805 2109 835 2151 J
837 2123 1046 2151 OHANNES
1067 2110 1106 2152 le
1129 2109 1293 2152 YoNGE
1315 2111 1386 2152 uel
1407 2111 1582 2154 heredes
1612 2114 1701 2156 mei
1731 2115 1819 2157 sive
1848 2117 2054 2174 assignati

101 2200 216 2242 infra
274 2200 511 2256 predictum
570 2201 802 2243 terminum
861 2201 1073 2256 predictas
1122 2202 1231 2243 duas
1287 2217 1403 2244 acras
1453 2205 1562 2245 terre
1612 2206 1792 2248 vendere
1842 2208 2053 2252 voluimus

102 2292 404 2348 inperpetuum
434 2291 529 2333 volo
560 2295 602 2333 et
633 2293 814 2334 concedo
845 2293 959 2347 quod
990 2292 1167 2346 predicti
1199 2292 1386 2336 THOMAs
1407 2299 1449 2336 et
1469 2294 1499 2337 J
1501 2309 1710 2338 OHANNES
1730 2301 1856 2341 erunt
1876 2301 2047 2356 propin-

103 2383 270 2439 quiores
289 2398 363 2438 pre
386 2381 582 2424 omnibus
603 2382 697 2424 aliis
718 2385 761 2424 et
781 2382 945 2424 dabunt
968 2383 1074 2424 sicut
1095 2383 1169 2424 alii
1190 2384 1290 2425 dare
1312 2384 1474 2427 volunt.
1536 2385 1591 2427 In
1613 2387 1681 2442 cuj
1687 2403 1736 2430 us
1756 2390 2046 2435 testimonium

105 2474 205 2516 huic
226 2473 411 2529 presenti
432 2473 586 2528 scripto
608 2473 797 2528 sigillum
819 2487 963 2514 meum
985 2473 1174 2528 apposui.

157 2564 259 2606 Hiis
278 2563 482 2606 testibus.
507 2563 719 2606 HEcho
741 2563 891 2606 comm
916 2597 923 2604 .
948 2564 1173 2606 Pmmpo
1196 2564 1428 2607 FORWARD
1452 2600 1460 2608 .
1484 2566 1513 2609 J
1517 2581 1742 2611 EREWRTH
1763 2585 1816 2625 ap
1834 2570 2011 2614 Omnoc
2034 2606 2043 2615 .

102 2655 306 2697 RicARDo
328 2654 551 2696 STYWARD
576 2687 583 2695 .
608 2654 843 2696 MAURICIO
865 2653 992 2696 PAGE
1015 2659 1056 2696 et
1079 2655 1185 2697 aliis.

156 2746 320 2788 Datum
351 2746 465 2801 apud
495 2745 735 2788 KENEFEG'
769 2745 837 2786 die
867 2745 1079 2787 dominica
1109 2746 1302 2801 proxima
1332 2754 1427 2802 post
1467 2747 1624 2791 festum
1657 2749 1869 2794 Cathedra
1900 2752 2046 2797 Sancti

98 2837 240 2879 Pmm
262 2835 441 2892 apostoli
462 2850 574 2878 anno
594 2835 758 2877 domini
784 2838 832 2876 ut
855 2850 994 2891 supra.

158 2927 229 2969 No
251 2926 359 2968 Seal.

158 3016 225 3045 The
241 3016 339 3045 Latin
354 3017 387 3045 of
403 3016 469 3045 this
485 3016 563 3045 deed
578 3017 605 3044 is
621 3025 697 3053 very
713 3016 881 3045 incorrect.
