2425 3423
1852 258 1965 300 2235

925 481 1183 524 MDXXII.

77 607 248 652 WRIT
280 607 358 650 OF
399 607 667 650 PREOIPE
708 605 1078 649 ADDRESSED
1122 606 1198 649 ΤΟ
1244 606 1375 649 ΤΗΕ
1420 606 1697 650 SHERIFF
1741 606 1819 649 OF
1870 606 2016 649 GLA-

221 698 489 742 MORGAN
536 698 613 742 ΤΟ
663 697 788 741 ΡΠΤ
827 697 997 741 JOHN
1037 697 1305 741 MORGAN
1345 698 1496 742 INTO
1537 697 1899 741 POSSESSION
1939 697 2019 740 OF

221 791 265 833 A
301 789 635 833 MEssUAGE
677 789 748 832 IN
790 789 1104 834 sWANSEA.

913 914 988 972 [Gr.
1013 914 1064 958 G.
1088 914 1163 972 F.]

1214 1040 1267 1081 16
1289 1039 1408 1082 AUG.
1470 1040 1526 1081 24
1548 1039 1681 1083 OHAs.
1705 1038 1769 1082 II.
1836 1039 1958 1081 1672.

138 1163 341 1206 OAnoms
381 1165 590 1206 secundus
625 1163 709 1206 Dei
741 1165 883 1221 gratia
907 1164 1093 1206 ANGLIE
1127 1163 1283 1206 Scorm
1320 1163 1554 1206 FFRANCIE
1587 1168 1629 1207 et
1669 1163 1910 1206 HIBERNIE
1950 1163 2048 1206 Rex

81 1255 179 1298 fidei
200 1254 397 1297 defensor
416 1257 493 1297 etc.
517 1255 754 1298 vicecomiti
775 1254 1061 1297 GLAMORGAN
1082 1255 1276 1297 salutem.
1338 1254 1514 1311 Precipe
1546 1255 1768 1297 HOPKINO
1799 1254 1954 1297 DAvm
1978 1258 2022 1297 et

80 1346 246 1389 Rome
266 1345 390 1388 uxori
410 1345 505 1401 ejus
526 1347 640 1401 quod
659 1345 774 1402 juste
795 1349 837 1388 et
857 1346 948 1388 sine
968 1346 1174 1388 dilatione
1193 1348 1367 1388 teneant
1391 1345 1420 1388 J
1423 1360 1599 1388 OHANNI
1625 1345 1828 1388 Momm
1858 1346 2019 1388 molen-

76 1437 241 1480 dinario
271 1437 597 1482 conventionem
624 1436 738 1479 inter
767 1451 836 1479 eos
862 1436 1022 1478 factam
1052 1436 1105 1478 de
1131 1451 1217 1478 uno
1252 1437 1490 1492 messuagio
1522 1452 1609 1479 uno
1644 1437 1825 1493 gardino
1857 1440 1900 1480 et
1934 1452 2021 1480 uno

77 1529 300 1585 curtilagio
343 1543 439 1571 cum
473 1526 741 1583 pertinentiis
772 1527 818 1569 in
854 1526 958 1569 viHa
989 1528 1042 1568 de
1073 1525 1291 1569 SWANSEY
1322 1527 1369 1569 in
1404 1527 1610 1570 comitatu
1644 1529 1833 1584 predicto
1865 1533 1908 1570 et
1939 1528 2022 1570 nisi

77 1619 255 1662 fecerint
284 1622 328 1662 et
359 1618 574 1674 predictus
604 1617 633 1660 J
636 1631 845 1659 OHANNES
875 1616 1024 1659 fecerit
1053 1620 1095 1659 te
1127 1631 1320 1660 securum
1354 1618 1407 1660 de
1442 1618 1593 1661 clamio
1619 1634 1695 1662 suo
1730 1621 2020 1675 prosequendo

76 1714 179 1754 tunc
221 1724 488 1752 summoneas
517 1724 592 1764 per
621 1708 753 1751 bonas
787 1707 1141 1750 summoniciones
1175 1708 1412 1764 predictum
1448 1708 1710 1752 HOPKINUM
1742 1714 1783 1752 et
1816 1711 2023 1754 RUTHAM

77 1802 191 1858 quod
211 1801 298 1844 sint
317 1815 458 1843 coram
478 1799 726 1856 justiciariis
747 1799 902 1842 nostris
923 1813 1079 1855 magne
1100 1799 1294 1841 sessionis
1314 1801 1455 1841 nostre
1477 1800 1702 1842 comitatus
1722 1801 1791 1843 die
1821 1800 1947 1844 Lune
1974 1803 2021 1845 in

77 1893 269 1950 proxima
314 1906 474 1947 magna
523 1891 703 1934 sessione
749 1893 893 1933 nostra
933 1890 978 1932 in
1019 1890 1223 1933 comitatu
1262 1894 1337 1933 tuo
1381 1892 1567 1934 tenenda
1613 1891 1855 1948 ubicunque
1887 1894 2024 1936 teneri

78 1983 304 2040 contigerit
342 1983 388 2025 in
424 1983 627 2025 comitatu
667 1986 741 2024 tuo
777 1985 992 2024 ostensum
1033 1996 1162 2037 quare
1201 1996 1287 2024 non
1324 1982 1504 2024 fecerint
1543 1985 1585 2024 et
1626 1982 1783 2026 habeas
1821 1983 1882 2027 ibi
1919 1988 2023 2028 tunc

78 2074 457 2118 summonicionem
491 2076 534 2116 et
557 2073 636 2116 hoc
665 2072 805 2116 breve.
867 2072 993 2115 Teste
1017 2087 1085 2115 me
1113 2072 1203 2128 ipso
1238 2073 1354 2128 apud
1385 2072 1569 2115 BREcoN
1606 2076 1725 2116 sexto
1760 2075 1923 2117 decimo
1953 2077 2022 2118 die

78 2166 269 2223 Augusti
289 2180 401 2207 anno
421 2164 544 2220 regni
564 2164 698 2206 nostri
718 2163 915 2206 vicesimo
936 2166 1099 2219 quarto.

134 2257 196 2299 Et
216 2260 279 2299 est
300 2255 521 2299 concordia
541 2255 640 2297 talis
660 2254 818 2297 scilicet
839 2255 954 2310 quod
974 2254 1188 2310 predictus
1208 2254 1456 2296 Homnws
1472 2257 1514 2297 et
1531 2254 1668 2297 Rom
1684 2261 2022 2312 recognoverunt

77 2349 320 2391 tenementa
339 2346 530 2403 predicta
551 2360 647 2388 cum
667 2345 939 2400 pertinenciis
966 2359 1054 2387 esse
1080 2344 1152 2401 jus
1182 2345 1315 2400 ipsius
1346 2345 1376 2388 J
1379 2359 1579 2387 OHANNIS
1611 2349 1660 2388 ut
1689 2347 1764 2389 illa
1797 2363 1878 2404 que
1905 2350 2020 2393 idem

78 2440 104 2482 J
108 2453 317 2482 OHANNEs
336 2437 466 2480 habet
486 2438 540 2479 de
560 2437 671 2479 dono
691 2436 978 2492 predictorum
999 2435 1212 2477 Hopmm
1233 2439 1275 2478 et
1297 2435 1447 2479 Rem.
1509 2436 1569 2479 Et
1593 2437 1669 2480 illa
1692 2439 1946 2483 remiserunt
1976 2444 2019 2485 et

77 2530 217 2586 quiete
247 2530 538 2572 clamaverunt
577 2529 629 2570 de
659 2527 761 2583 ipsis
800 2526 1019 2569 HopmNo
1050 2530 1092 2569 et
1126 2526 1265 2569 Rom
1295 2530 1338 2569 et
1376 2526 1601 2570 heredibus
1634 2528 1767 2584 ipsius
1807 2530 2020 2576 HOPKINI

76 2621 264 2678 predicto
284 2620 313 2663 J
316 2634 493 2662 OHANNI
515 2623 557 2662 et
576 2618 801 2661 heredibus
821 2618 907 2661 suis
926 2618 1253 2674 imperpetuum.
1314 2617 1374 2660 Et
1394 2621 1585 2673 preterea
1611 2619 1741 2663 iidem
1769 2621 2017 2667 HOPKINUS

75 2715 117 2755 et
138 2712 274 2755 Rem
296 2713 588 2754 concesserunt
615 2725 691 2766 pro
713 2724 754 2752 se
775 2712 816 2752 et
840 2709 1066 2751 heredibus
1094 2709 1227 2765 ipsius
1252 2708 1465 2751 Hopmm
1493 2711 1606 2764 quod
1633 2710 1714 2766 ipsi
1743 2715 2012 2758 warrantiza-

74 2803 183 2846 bunt
217 2803 404 2858 predicto
444 2801 474 2845 J
477 2815 653 2844 OHANNI
689 2799 915 2843 heredibus
951 2803 992 2843 et
1024 2800 1250 2856 assignatis
1288 2800 1374 2842 suis
1412 2801 1603 2856 predicta
1641 2804 1880 2860 messuagia
1919 2821 2015 2850 cum

76 2893 345 2949 pertinenciis
376 2896 522 2935 contra
550 2907 695 2935 omnes
724 2891 916 2935 homines
947 2894 990 2934 et
1023 2891 1338 2947 imperpetuum
1369 2891 1675 2935 defendebunt.
1737 2893 1799 2937 Et
1829 2910 1905 2951 pro
1938 2897 2018 2942 hac

78 2987 153 3026 etc,
186 3016 195 3026 .
221 3017 263 3026 ..
