2425 3423
2009 293 2120 334 2281

1111 496 1308 540 MDLX.

235 588 449 633 GRANT
509 589 596 632 BY
655 588 866 632 ROGER
935 587 1248 631 GRAMMUS
1313 588 1388 630 TO
1451 588 1729 631 MARGAM
1798 589 2028 642 ABBEY,
2099 589 2177 632 OF

378 671 554 714 LAND
616 670 929 715 BETWEEN
988 669 1234 712 KENFIG
1295 670 1526 714 WATER
1595 670 1729 713 AND
1811 671 1941 713 THE
2007 671 2177 715 HIGH

382 753 553 797 ROAD
595 752 882 796 LEADING
923 752 1097 795 FROM
1136 752 1384 795 KENFIG
1419 752 1495 795 ΤΟ
1538 752 1814 796 OASTELL
1853 753 2072 797 KIBUR.

943 834 1173 892 [MARGAM
1216 835 1472 892 CHARTER]

1577 909 1703 952 LATE
1739 912 1854 952 1‘2TH
1886 909 2116 954 CENTURY.

292 998 500 1042 Omnibus
540 1000 693 1043 Sancte
736 1000 904 1043 ecclesie
958 999 1056 1042 filiis
1095 999 1361 1055 presentibus
1395 1001 1451 1055 {et
1490 1000 1648 1042 futuris
1689 1000 1902 1043 ROGERUS
1947 1001 2177 1045 GRAMMUS

235 1090 427 1132 salutem.

287 1180 468 1222 Noverit
491 1182 741 1223 universitas
762 1185 899 1224 vestra
920 1182 1031 1236 quod
1053 1196 1131 1238 ego
1153 1181 1325 1224 consilio
1347 1185 1388 1224 et
1410 1197 1613 1224 consensu
1634 1183 1777 1225 uxoris
1797 1198 1889 1225 mee
1906 1188 1947 1225 et
1968 1183 2172 1226 heredum

233 1286 424 1313 meorum
452 1275 578 1327 atque
605 1273 835 1314 amicorum
860 1287 1049 1314 meorum
1079 1273 1259 1315 concessi
1289 1277 1331 1314 et
1362 1273 1461 1314 dedi
1492 1279 1531 1315 et
1562 1273 1639 1315 hac
1667 1277 1784 1315 carta
1811 1274 2056 1316 confirmavi
2082 1275 2174 1318 Deo

232 1367 274 1404 et
295 1362 463 1404 ecclesie
485 1361 638 1404 Sancte
659 1362 818 1404 MAmE
841 1363 892 1404 de
913 1362 1116 1404 MARGAN
1139 1366 1179 1404 et
1200 1363 1417 1405 monachis
1438 1363 1531 1405 Deo
1547 1363 1705 1406 ibidem
1722 1364 2001 1408 servientibus
2016 1369 2173 1408 terram

233 1468 313 1507 que
334 1452 446 1508 jacet
466 1452 578 1494 inter
598 1467 800 1508 magnam
823 1453 934 1494 viam
956 1468 1037 1508 que
1058 1454 1174 1495 vadit
1196 1454 1247 1495 de
1269 1452 1526 1495 KENEFECH
1547 1469 1692 1496 versus
1720 1454 1987 1497 CASTELLUM
2016 1456 2174 1499 KIBUR

233 1545 274 1585 et
295 1557 447 1598 aquam
469 1544 522 1584 de
543 1542 800 1584 KENEFECH
825 1577 832 1585 .
858 1559 953 1585 cum
974 1558 1105 1598 grava
1125 1550 1167 1586 et
1189 1579 1197 1586 .
1221 1559 1262 1587 x.
1286 1545 1391 1587 acris
1413 1560 1516 1600 quas
1538 1549 1657 1601 pater
1678 1561 1797 1588 meus
1817 1546 1934 1600 prius
1965 1548 2024 1588 eis
2055 1548 2173 1589 dedit

231 1634 276 1675 in
299 1633 569 1676 elemosinam
593 1667 600 1676 .
625 1636 666 1675 et
692 1635 745 1675 ad
778 1635 1031 1689 capiendum
1061 1636 1113 1677 de
1146 1635 1339 1677 marleria
1371 1651 1465 1678 mea
1496 1640 1704 1691 quantum
1736 1638 1946 1679 voluerint
1979 1640 2033 1680 ad
2062 1653 2171 1680 mar-

233 1725 408 1766 landum
430 1724 631 1780 quicquid
653 1724 865 1766 voluerint
886 1725 938 1766 de
958 1724 1087 1767 feudo
1108 1740 1199 1767 meo
1223 1758 1231 1767 .
1254 1728 1296 1767 et
1318 1726 1429 1768 viam
1450 1728 1504 1768 ad
1530 1728 1666 1782 ipsam
1697 1728 1876 1770 marlam
1904 1729 2169 1772 trahendam.

233 1815 390 1857 Totum
411 1814 489 1856 hoc
510 1815 608 1856 dedi
631 1814 689 1856 eis
711 1816 754 1855 in
776 1815 1050 1857 elemosinam
1070 1831 1218 1871 puram
1241 1820 1282 1859 et
1303 1820 1552 1873 perpetuam
1585 1852 1593 1861 .
1626 1818 1803 1860 liberam
1832 1824 1874 1861 et
1900 1820 2088 1875 quietam
2117 1820 2169 1863 ab
2204 1858 2208 1862 .

232 1905 348 1947 omni
375 1904 552 1946 seculari
583 1905 752 1947 servitio
785 1938 792 1946 .
827 1906 1129 1948 consuetudine
1160 1940 1168 1947 .
1205 1911 1247 1949 et
1271 1908 1500 1950 exactione.
1564 1909 1826 1951 Habendum
1863 1914 1905 1952 et
1937 1912 2171 1953 tenendum

232 1998 283 2039 de
304 2011 371 2038 me
393 1999 434 2037 et
455 1995 679 2037 heredibus
701 1996 804 2037 meis
825 1997 869 2037 in
891 2000 1145 2052 perpetuum
1168 1998 1274 2040 sicut
1297 1999 1385 2041 ulla
1415 2000 1645 2042 elemosina
1669 2004 1807 2055 potest
1829 2001 2003 2043 liberius
2024 2002 2172 2045 haberi

231 2090 273 2129 et
305 2087 451 2128 teneri.
531 2086 590 2128 Et
621 2086 730 2128 hane
761 2087 1033 2129 donationem
1063 2103 1142 2144 ego
1170 2091 1211 2130 et
1241 2089 1415 2132 heredes
1449 2091 1534 2133 mei
1567 2091 1936 2133 warantizabimus
1973 2093 2173 2147 predictis

229 2176 445 2220 monachis
466 2180 612 2218 contra
632 2191 777 2218 omnes
798 2177 990 2219 homines
1009 2177 1054 2219 in
1076 2184 1327 2234 perpetuum
1350 2214 1358 2222 .
1382 2180 1443 2223 Et
1465 2181 1613 2236 siquod
1636 2181 1857 2223 servicium
1874 2183 2037 2224 domini
2058 2183 2171 2240 regis

229 2269 293 2310 vel
316 2267 487 2322 aliquod
508 2266 625 2308 aliud
647 2268 699 2308 de
720 2267 909 2322 predicta
929 2270 1042 2309 terra
1071 2270 1319 2324 requisitum
1353 2271 1483 2313 fuerit
1517 2305 1524 2313 .
1559 2287 1639 2327 ego
1670 2276 1711 2313 et
1743 2272 1916 2314 heredes
1947 2273 2030 2314 mei
2060 2274 2169 2316 illud

228 2360 279 2400 de
299 2358 462 2412 reliquo
483 2360 724 2399 tenemento
746 2372 839 2400 meo
860 2359 1200 2413 adquietabimus
1223 2394 1230 2403 .
1254 2361 1314 2403 ita
1335 2366 1381 2403 ut
1410 2362 1608 2405 monachi
1640 2377 1692 2405 ex
1723 2366 1812 2405 toto
1844 2363 1976 2418 quieti
2007 2364 2093 2406 sint
2123 2365 2168 2406 in

228 2451 491 2505 perpetuum.

286 2538 385 2580 Hiis
405 2537 583 2579 testibus
605 2571 613 2579 .
636 2538 839 2593 magistro
865 2539 1101 2582 MAURITIO
1119 2574 1126 2582 .
1146 2540 1378 2584 WALTERO
1394 2543 1556 2586 LUUEL
1579 2579 1587 2586 .
1612 2544 1832 2586 ERNALDO
1852 2546 2164 2589 constabulario

225 2631 277 2671 de
300 2628 554 2669 KENEFECH
577 2661 585 2669 .
610 2627 864 2671 W1LLELM0
886 2631 937 2671 de
960 2630 1162 2673 CORNELI
1187 2666 1194 2674 .
1219 2632 1461 2678 STEPHANO
1481 2636 1630 2678 clerico
1665 2668 1673 2677 .
1710 2635 1968 2679 WILLELMO
2000 2638 2116 2679 UoLE
2151 2672 2159 2680 .

225 2720 470 2762 CLEMENTE
492 2719 579 2761 filio
599 2719 792 2774 magistri
814 2720 1037 2763 MAUmcn
1063 2755 1071 2764 .
1096 2722 1352 2766 WILLELMO
1373 2726 1426 2767 de
1448 2726 1674 2768 MARcuos.

282 2809 439 2851 Round
461 2809 559 2859 scal,
582 2810 686 2852 dark
708 2825 838 2866 green
860 2827 968 2863 wax,
990 2827 1015 2853 a
1036 2812 1129 2855 bow
1150 2815 1236 2855 and
1257 2829 1403 2857 arrow.

767 2895 777 2915 ⁶
802 2899 843 2941 -4-
873 2894 1030 2936 s1G1LL'
1066 2929 1073 2937 .
1107 2910 1273 2938 ROGERI
1308 2930 1315 2938 .
1349 2899 1592 2942 GRAMMUs.’
1625 2917 1628 2919 ·

279 2973 567 3015 Endorsed—⁴
586 2973 780 3030 Rogerus
802 2975 1030 3019 Grammus
1052 2978 1103 3019 de
1126 2983 1237 3021 terra
1258 2980 1369 3021 inter
1389 2996 1544 3036 aquam
1575 2983 1626 3024 de
1658 2982 1851 3039 Kenfigg
1882 2990 1923 3025 et
1954 3000 2157 3040 magnam

221 3065 334 3106 viam
354 3078 497 3104 versus
519 3063 693 3119 Rigge.’

424 3186 523 3219 121,
