2425 3423
291 285 404 327 2278

230 495 331 537 locis
351 496 497 536 contra
518 505 662 534 omnes
683 492 735 533 de
756 490 979 533 hundredo
1002 522 1010 530 .
1035 491 1181 529 contra
1201 490 1422 529 extraneos
1453 501 1568 539 vero,
1601 486 1727 542 juxta
1767 502 1887 542 posse
1917 503 2053 531 suum.
2115 488 2176 531 Et

232 586 266 628 si
301 587 407 627 forte
439 583 592 638 aliquis
623 582 676 623 de
710 580 931 623 hundredo
964 594 989 621 a
1024 578 1218 633 pactione
1253 578 1335 620 ista
1373 577 1570 620 resilierit
1607 612 1615 620 .
1659 582 1702 620 et
1737 578 1899 634 aliquid
1940 580 2176 635 dampnum

229 680 457 720 memorate
477 674 645 717 abbatie
665 671 860 715 intulerit
884 704 891 712 .
914 673 1055 713 totum
1083 669 1357 711 hundredum
1386 669 1510 711 illum
1540 669 1707 725 insequi
1736 669 1862 711 debet
1883 703 1891 711 .
1917 671 1959 711 et
1989 684 2087 712 eum
2119 671 2174 712 ad

230 773 392 813 rectum
412 771 454 810 et
475 767 531 809 ad
552 763 884 808 satisfactionem
915 762 1122 803 adducere
1154 760 1189 802 si
1219 760 1375 816 poterit
1397 793 1405 801 .
1430 759 1494 802 sin
1526 762 1671 802 autem
1693 793 1702 802 .
1726 759 1840 802 infra
1870 773 1943 802 xv.
1977 761 2066 802 dies
2087 763 2181 816 post

231 859 514 917 da[m]pnum
534 856 721 914 predicte
742 852 911 897 abbatie
926 852 1097 894 illatum
1118 885 1128 895 .
1150 854 1290 893 totum
1304 849 1629 907 hun[d]redu.m
1650 849 1819 893 abbatie
1834 850 1935 893 inde
1951 851 2184 894 satisfaciet

230 953 276 995 in
309 950 616 994 restauratione
657 946 833 1002 dampni
874 947 917 986 et
956 943 1036 985 hoc
1074 957 1198 998 super
1239 944 1564 984 sacramentum.
1645 941 1705 983 Et
1745 945 1794 984 ut
1840 941 1916 984 hec
1957 942 2185 984 transactio

233 1045 501 1087 conservetur
522 1074 531 1084 .
555 1044 694 1082 totum
715 1036 989 1079 hundredum
1010 1034 1202 1090 plegium
1223 1036 1297 1075 est.

290 1134 499 1177 Premisse
534 1128 831 1174 transactionis
871 1130 998 1169 testes
1039 1128 1139 1168 sunt
1181 1158 1189 1166 .
1229 1123 1419 1166 HELYAS
1454 1127 1557 1166 tunc
1601 1123 1844 1179 capellanus
1883 1123 2140 1165 vicecomitis
2178 1157 2186 1166 .

233 1227 492 1271 WALTERUS
512 1222 723 1280 portarius
745 1253 753 1262 .
778 1218 993 1261 ROGERUS
1023 1215 1264 1258 cellararius
1287 1248 1295 1257 .
1318 1213 1515 1256 monachi
1540 1247 1547 1255 .
1580 1213 1610 1256 J
1613 1228 1818 1256 ORDANUS
1843 1247 1850 1255 .
1875 1217 1917 1256 et
1939 1213 2184 1256 MEILERUS

232 1317 424 1361 conversi
448 1349 457 1358 .
479 1314 741 1359 WALTERUS
761 1309 923 1353 LUVEL
946 1342 954 1350 .
980 1307 1266 1351 WILLELMUS
1297 1306 1349 1347 de
1372 1305 1594 1348 COGAHAN
1620 1338 1628 1347 .
1652 1304 1841 1347 THOMAS
1862 1306 1915 1348 de
1941 1304 2143 1347 comm-:m
2177 1339 2185 1348 .

232 1411 478 1453 ALFREDUS
499 1410 602 1448 tunc
622 1402 860 1460 prepositus
881 1401 934 1442 de
955 1398 1107 1441 Nmn.

290 1499 350 1542 Et
372 1498 472 1554 quia
491 1497 568 1539 hec
588 1493 816 1538 transactio
847 1492 892 1534 in
916 1490 1133 1548 presencia
1165 1486 1422 1544 ROBERT[1]
1455 1487 1533 1529 filii
1556 1486 1784 1530 GREGORH
1806 1490 1909 1529 tunc
1929 1485 2189 1528 vicecomitis

231 1593 283 1635 de
315 1591 490 1634 CARmF
523 1622 532 1630 .
564 1587 678 1629 facta
707 1585 794 1627 fuit
835 1586 877 1626 et
908 1585 956 1624 ut
986 1580 1164 1623 firmiter
1196 1612 1204 1620 .
1237 1580 1488 1634 perseueret,
1521 1577 1652 1633 sigilli
1683 1577 1748 1619 sui
1789 1576 2064 1633 impressione
2094 1590 2189 1618 eam

235 1680 535 1726 corroboravit.

292 1772 588 1816 Endorsed—‘
607 1765 918 1812 Warentizatio
940 1764 1072 1806 totius
1088 1760 1304 1805 Walensis
1335 1759 1549 1802 hundredi
1571 1760 1622 1800 de
1644 1758 1831 1814 Margan
1855 1792 1863 1801 .
1887 1762 2033 1800 contra
2049 1772 2193 1801 omnes

236 1864 531 1907 malefactores
552 1858 747 1903 nostros.'

1108 1929 1155 1964 (l)
1182 1927 1246 1964 Sic,
1262 1926 1330 1955 MS.

297 1993 374 2022 This
391 1992 469 2022 deed
485 1991 512 2020 is
528 1991 707 2028 important
722 1997 757 2017 as
774 1988 799 2016 it
816 1987 929 2023 brings
945 1990 979 2014 to
995 1984 1103 2013 notice
1119 1984 1170 2012 for
1185 1983 1240 2011 the
1259 1982 1329 2010 first
1345 1981 1423 2010 time
1446 1981 1501 2009 the
1524 1979 1645 2008 *Earl’s
1663 1978 1773 2008 Welsh
1792 1978 1947 2008 Hundred
1964 1979 1997 2007 of
2013 1977 2183 2016 Margam,'

251 2049 314 2079 and
330 2049 384 2078 the
402 2056 510 2077 names
528 2047 559 2076 of
577 2045 669 2075 those
686 2044 758 2073 who
775 2051 857 2072 were
874 2040 1078 2079 responsible
1093 2038 1240 2068 mereins

1134 2260 1380 2305 MDLVH.

249 2379 464 2424 GRANT
515 2377 601 2420 BY
657 2371 1033 2423 KENEWREO,
1095 2369 1211 2412 SON
1273 2368 1351 2411 OF
1412 2366 1730 2419 HEREERT,
1788 2366 1864 2410 ΤΟ
1917 2365 2196 2409 MARGAM

466 2467 684 2512 ABBEY
726 2465 803 2508 OF
845 2463 972 2506 ALL
1012 2461 1143 2505 THE
1184 2459 1362 2502 LAND
1404 2458 1482 2501 OF
1523 2457 1978 2502 HAVEDHALOC.

961 2570 1191 2627 [MARGAM
1234 2568 1331 2611 CHA
1338 2565 1491 2623 ΗΒΚ]

1603 2656 1729 2699 LATE
1763 2657 1879 2698 mm
1912 2655 2140 2698 CENTURY.

314 2776 522 2820 Omnibus
553 2775 706 2817 Sancte
737 2771 906 2814 ecclesie
931 2767 1196 2825 presentibus
1227 2770 1269 2809 et
1296 2766 1466 2817 futuris,
1503 2764 1772 2807 KENEWREC
1807 2763 1919 2805 filius
1951 2762 2197 2805 HERBERTI

256 2871 447 2912 salutem.

316 2959 467 3003 Sciatis
487 2972 555 2999 me
576 2955 748 2999 consilio
779 2958 820 2996 et
851 2966 1055 2995 consensu
1085 2952 1312 3006 parentum
1343 2953 1383 2989 et
1415 2947 1646 2989 amicorum
1674 2959 1864 2986 meorum
1885 2944 2131 2987 concessisse
2159 2947 2202 2987 et

258 3052 421 3094 dedisse
454 3054 495 3091 et
526 3047 605 3089 hac
636 3049 750 3087 carta
780 3043 1046 3086 confirmasse
1077 3040 1170 3083 Deo
1198 3044 1242 3081 et
1269 3038 1439 3081 ecclesie
1469 3036 1623 3080 Sancte
1651 3035 1811 3078 MAROE
1843 3036 1895 3077 de
1925 3034 2130 3076 MARGAN
2159 3037 2202 3076 et
