<?xml version="1.0" encoding="UTF-8"?>
<!DOCTYPE html PUBLIC "-//W3C//DTD XHTML 1.0 Transitional//EN"
    "http://www.w3.org/TR/xhtml1/DTD/xhtml1-transitional.dtd">
<html xmlns="http://www.w3.org/1999/xhtml" xml:lang="en" lang="en">
 <head>
  <title>
</title>
<meta http-equiv="Content-Type" content="text/html;charset=utf-8" />
  <meta name='ocr-system' content='tesseract 3.04.00' />
  <meta name='ocr-capabilities' content='ocr_page ocr_carea ocr_par ocr_line ocrx_word'/>
</head>
<body>
  <div class='ocr_page' id='page_1' title='image "./cartaeetaliamuni06claruoft_0341.png"; bbox 0 0 2425 3423; ppageno 0'>
   <div class='ocr_carea' id='block_1_1' title="bbox 1889 256 2006 297">
    <p class='ocr_par' dir='ltr' id='par_1_1' title="bbox 1889 256 2006 297">
     <span class='ocr_line' id='line_1_1' title="bbox 1889 256 2006 297; baseline -0.009 0"><span class='ocrx_word' id='word_1_1' title='bbox 1889 256 2006 297; x_wconf 81' lang='lat'><strong>2367</strong></span> 
     </span>
    </p>
   </div>
   <div class='ocr_carea' id='block_1_2' title="bbox 922 461 1255 506">
    <p class='ocr_par' dir='ltr' id='par_1_2' title="bbox 922 461 1255 506">
     <span class='ocr_line' id='line_1_2' title="bbox 922 461 1255 506; baseline 0.003 -3"><span class='ocrx_word' id='word_1_2' title='bbox 922 461 1255 506; x_wconf 88' lang='lat' dir='ltr'><strong>MDOXXXV.</strong></span> 
     </span>
    </p>
   </div>
   <div class='ocr_carea' id='block_1_3' title="bbox 114 567 2063 705">
    <p class='ocr_par' dir='ltr' id='par_1_3' title="bbox 114 567 2063 705">
     <span class='ocr_line' id='line_1_3' title="bbox 114 567 2063 614; baseline -0.002 -1"><span class='ocrx_word' id='word_1_3' title='bbox 114 570 328 614; x_wconf 82' lang='lat' dir='ltr'><strong>ROYAL</strong></span> <span class='ocrx_word' id='word_1_4' title='bbox 373 570 587 614; x_wconf 79' lang='lat' dir='ltr'><strong>GRANT</strong></span> <span class='ocrx_word' id='word_1_5' title='bbox 636 569 714 613; x_wconf 99' lang='lat' dir='ltr'>OF</span> <span class='ocrx_word' id='word_1_6' title='bbox 754 569 885 612; x_wconf 78' lang='lat' dir='ltr'>THE</span> <span class='ocrx_word' id='word_1_7' title='bbox 926 568 1359 613; x_wconf 75' lang='lat' dir='ltr'><strong>WARDENSHIP</strong></span> <span class='ocrx_word' id='word_1_8' title='bbox 1404 569 1482 612; x_wconf 88' lang='lat' dir='ltr'>OF</span> <span class='ocrx_word' id='word_1_9' title='bbox 1527 568 1657 612; x_wconf 80' lang='lat' dir='ltr'>THE</span> <span class='ocrx_word' id='word_1_10' title='bbox 1710 568 1942 612; x_wconf 77' lang='lat' dir='ltr'>OASTLE</span> <span class='ocrx_word' id='word_1_11' title='bbox 1985 567 2063 611; x_wconf 89' lang='lat' dir='ltr'>OF</span> 
     </span>
     <span class='ocr_line' id='line_1_4' title="bbox 244 658 1952 705; baseline -0.001 -1"><span class='ocrx_word' id='word_1_12' title='bbox 244 660 689 705; x_wconf 79' lang='lat' dir='ltr'><strong>LLANTRISANT</strong></span> <span class='ocrx_word' id='word_1_13' title='bbox 730 660 805 704; x_wconf 79' lang='lat' dir='ltr'>TO</span> <span class='ocrx_word' id='word_1_14' title='bbox 847 659 1053 704; x_wconf 88' lang='lat' dir='ltr'><strong>DAVID</strong></span> <span class='ocrx_word' id='word_1_15' title='bbox 1094 659 1176 702; x_wconf 85' lang='grc' dir='ltr'>ΑΡ</span> <span class='ocrx_word' id='word_1_16' title='bbox 1216 660 1467 703; x_wconf 80' lang='lat' dir='ltr'>MEURIO</span> <span class='ocrx_word' id='word_1_17' title='bbox 1511 659 1646 703; x_wconf 91' lang='lat' dir='ltr'>AND</span> <span class='ocrx_word' id='word_1_18' title='bbox 1691 658 1952 702; x_wconf 79' lang='lat' dir='ltr'><strong>OTHERS.</strong></span> 
     </span>
    </p>
   </div>
   <div class='ocr_carea' id='block_1_4' title="bbox 558 784 2006 926">
    <p class='ocr_par' dir='ltr' id='par_1_4' title="bbox 558 784 2006 926">
     <span class='ocr_line' id='line_1_5' title="bbox 558 784 1615 842; baseline -0.002 -14"><span class='ocrx_word' id='word_1_19' title='bbox 558 785 714 842; x_wconf 68' lang='lat' dir='ltr'>[Ome.</span> <span class='ocrx_word' id='word_1_20' title='bbox 747 785 887 828; x_wconf 66' lang='lat' dir='ltr'>Rom„</span> <span class='ocrx_word' id='word_1_21' title='bbox 949 785 1004 826; x_wconf 83' lang='lat'>20</span> <span class='ocrx_word' id='word_1_22' title='bbox 1035 784 1163 827; x_wconf 81' lang='lat' dir='ltr'><strong>Enw.</strong></span> <span class='ocrx_word' id='word_1_23' title='bbox 1188 784 1252 827; x_wconf 89' lang='lat' dir='ltr'>II.</span> <span class='ocrx_word' id='word_1_24' title='bbox 1323 784 1501 827; x_wconf 79' lang='lat' dir='ltr'>MEMBR</span> <span class='ocrx_word' id='word_1_25' title='bbox 1525 784 1615 841; x_wconf 87' lang='lat' dir='ltr'>ll.]</span> 
     </span>
     <span class='ocr_line' id='line_1_6' title="bbox 1280 882 2006 926; baseline -0.001 -1"><span class='ocrx_word' id='word_1_26' title='bbox 1280 884 1335 925; x_wconf 82' lang='lat'>30</span> <span class='ocrx_word' id='word_1_27' title='bbox 1358 883 1458 926; x_wconf 79' lang='lat' dir='ltr'><strong>OCT.</strong></span> <span class='ocrx_word' id='word_1_28' title='bbox 1521 884 1576 925; x_wconf 85' lang='lat'>20</span> <span class='ocrx_word' id='word_1_29' title='bbox 1602 882 1730 926; x_wconf 81' lang='lat' dir='ltr'><strong>Enw.</strong></span> <span class='ocrx_word' id='word_1_30' title='bbox 1753 883 1817 925; x_wconf 78' lang='lat' dir='ltr'>II.</span> <span class='ocrx_word' id='word_1_31' title='bbox 1883 883 2006 925; x_wconf 84' lang='grc'>1326.</span> 
     </span>
    </p>
   </div>
   <div class='ocr_carea' id='block_1_5' title="bbox 822 1008 1366 1051">
    <p class='ocr_par' dir='ltr' id='par_1_5' title="bbox 822 1008 1366 1051">
     <span class='ocr_line' id='line_1_7' title="bbox 822 1008 1366 1051; baseline 0 -1"><span class='ocrx_word' id='word_1_32' title='bbox 822 1009 896 1051; x_wconf 76' lang='lat' dir='ltr'>DE</span> <span class='ocrx_word' id='word_1_33' title='bbox 928 1008 1098 1051; x_wconf 69' lang='lat' dir='ltr'>OAsmo</span> <span class='ocrx_word' id='word_1_34' title='bbox 1129 1008 1366 1051; x_wconf 76' lang='lat' dir='ltr'>COMMISSO.</span> 
     </span>
    </p>
   </div>
   <div class='ocr_carea' id='block_1_6' title="bbox 122 1116 2072 1354">
    <p class='ocr_par' dir='ltr' id='par_1_6' title="bbox 122 1116 2072 1354">
     <span class='ocr_line' id='line_1_8' title="bbox 180 1116 2071 1173; baseline -0.001 -13"><span class='ocrx_word' id='word_1_35' title='bbox 180 1117 276 1160; x_wconf 83' lang='lat' dir='ltr'>Rex</span> <span class='ocrx_word' id='word_1_36' title='bbox 297 1117 506 1160; x_wconf 77' lang='lat' dir='ltr'>commisit</span> <span class='ocrx_word' id='word_1_37' title='bbox 526 1116 680 1159; x_wconf 78' lang='lat' dir='ltr'>DAvn)</span> <span class='ocrx_word' id='word_1_38' title='bbox 697 1131 750 1172; x_wconf 83' lang='lat' dir='ltr'>ap</span> <span class='ocrx_word' id='word_1_39' title='bbox 766 1116 952 1159; x_wconf 80' lang='lat' dir='ltr'>MEURIC</span> <span class='ocrx_word' id='word_1_40' title='bbox 975 1151 983 1159; x_wconf 90' lang='lat'><strong>.</strong></span> <span class='ocrx_word' id='word_1_41' title='bbox 1008 1117 1214 1159; x_wconf 35' lang='lat' dir='ltr'>Howmio</span> <span class='ocrx_word' id='word_1_42' title='bbox 1231 1116 1342 1159; x_wconf 70' lang='lat' dir='ltr'>Sms</span> <span class='ocrx_word' id='word_1_43' title='bbox 1362 1120 1403 1159; x_wconf 85' lang='lat' dir='ltr'>et</span> <span class='ocrx_word' id='word_1_44' title='bbox 1421 1116 1668 1160; x_wconf 77' lang='lat' dir='ltr'><strong>GRIFFITH&#39;</strong></span> <span class='ocrx_word' id='word_1_45' title='bbox 1688 1131 1741 1173; x_wconf 86' lang='lat' dir='ltr'>ap</span> <span class='ocrx_word' id='word_1_46' title='bbox 1758 1116 1929 1159; x_wconf 79' lang='lat' dir='ltr'><strong>YEUAN</strong></span> <span class='ocrx_word' id='word_1_47' title='bbox 1947 1117 2071 1160; x_wconf 78' lang='grc' dir='ltr'><strong>ΤΑΤΕ</strong></span> 
     </span>
     <span class='ocr_line' id='line_1_9' title="bbox 122 1207 2072 1264; baseline 0 -14"><span class='ocrx_word' id='word_1_48' title='bbox 122 1207 384 1264; x_wconf 80' lang='lat' dir='ltr'>conjunctim</span> <span class='ocrx_word' id='word_1_49' title='bbox 416 1211 458 1250; x_wconf 78' lang='lat' dir='ltr'>et</span> <span class='ocrx_word' id='word_1_50' title='bbox 490 1207 660 1250; x_wconf 83' lang='lat' dir='ltr'>divisim</span> <span class='ocrx_word' id='word_1_51' title='bbox 695 1215 879 1250; x_wconf 76' lang='lat' dir='ltr'>castrum</span> <span class='ocrx_word' id='word_1_52' title='bbox 919 1208 971 1249; x_wconf 90' lang='lat' dir='ltr'>de</span> <span class='ocrx_word' id='word_1_53' title='bbox 1004 1207 1287 1250; x_wconf 79' lang='lat' dir='ltr'><strong>LANTRISSAN</strong></span> <span class='ocrx_word' id='word_1_54' title='bbox 1323 1207 1369 1249; x_wconf 84' lang='lat' dir='ltr'>in</span> <span class='ocrx_word' id='word_1_55' title='bbox 1409 1222 1541 1250; x_wconf 83' lang='lat' dir='ltr'>manu</span> <span class='ocrx_word' id='word_1_56' title='bbox 1579 1208 1691 1264; x_wconf 87' lang='lat' dir='ltr'>regis</span> <span class='ocrx_word' id='word_1_57' title='bbox 1726 1207 1980 1264; x_wconf 85' lang='lat' dir='ltr'>quibusdam</span> <span class='ocrx_word' id='word_1_58' title='bbox 2020 1209 2072 1251; x_wconf 88' lang='lat' dir='ltr'>de</span> 
     </span>
     <span class='ocr_line' id='line_1_10' title="bbox 122 1297 1758 1354; baseline 0 -14"><span class='ocrx_word' id='word_1_59' title='bbox 122 1297 257 1340; x_wconf 81' lang='lat' dir='ltr'>causis</span> <span class='ocrx_word' id='word_1_60' title='bbox 276 1298 460 1340; x_wconf 78' lang='lat' dir='ltr'>existens</span> <span class='ocrx_word' id='word_1_61' title='bbox 480 1298 804 1340; x_wconf 70' lang='lat' dir='ltr'>custodiendum</span> <span class='ocrx_word' id='word_1_62' title='bbox 825 1299 1031 1353; x_wconf 87' lang='lat' dir='ltr'>quamdiu</span> <span class='ocrx_word' id='word_1_63' title='bbox 1050 1298 1142 1354; x_wconf 86' lang='lat' dir='ltr'>regi</span> <span class='ocrx_word' id='word_1_64' title='bbox 1163 1298 1381 1354; x_wconf 72' lang='lat' dir='ltr'>placuerit.</span> <span class='ocrx_word' id='word_1_65' title='bbox 1444 1297 1500 1340; x_wconf 89' lang='lat' dir='ltr'>In</span> <span class='ocrx_word' id='word_1_66' title='bbox 1521 1297 1589 1354; x_wconf 84' lang='lat' dir='ltr'>cuj</span> <span class='ocrx_word' id='word_1_67' title='bbox 1596 1313 1657 1349; x_wconf 83' lang='lat' dir='ltr'>us,</span> <span class='ocrx_word' id='word_1_68' title='bbox 1680 1301 1758 1341; x_wconf 76' lang='lat' dir='ltr'>ete.</span> 
     </span>
    </p>
   </div>
   <div class='ocr_carea' id='block_1_7' title="bbox 180 1388 2013 1517">
    <p class='ocr_par' dir='ltr' id='par_1_7' title="bbox 180 1388 2013 1517">
     <span class='ocr_line' id='line_1_11' title="bbox 180 1388 2013 1446; baseline 0.001 -16"><span class='ocrx_word' id='word_1_69' title='bbox 180 1388 306 1431; x_wconf 76' lang='lat' dir='ltr'>Teste</span> <span class='ocrx_word' id='word_1_70' title='bbox 327 1388 447 1444; x_wconf 83' lang='lat' dir='ltr'>Rege</span> <span class='ocrx_word' id='word_1_71' title='bbox 468 1389 583 1443; x_wconf 84' lang='lat' dir='ltr'>apud</span> <span class='ocrx_word' id='word_1_72' title='bbox 604 1388 866 1431; x_wconf 81' lang='lat' dir='ltr'><strong>KAERFILLI</strong></span> <span class='ocrx_word' id='word_1_73' title='bbox 890 1422 899 1430; x_wconf 91' lang='lat'><strong>.</strong></span> <span class='ocrx_word' id='word_1_74' title='bbox 924 1403 1027 1431; x_wconf 82' lang='lat' dir='ltr'>xxx.</span> <span class='ocrx_word' id='word_1_75' title='bbox 1053 1423 1061 1430; x_wconf 92' lang='lat'><strong><em>.</em></strong></span> <span class='ocrx_word' id='word_1_76' title='bbox 1085 1389 1153 1431; x_wconf 88' lang='lat' dir='ltr'>die</span> <span class='ocrx_word' id='word_1_77' title='bbox 1176 1388 1381 1431; x_wconf 74' lang='lat' dir='ltr'><strong>Octobris.</strong></span> <span class='ocrx_word' id='word_1_78' title='bbox 1577 1404 1652 1445; x_wconf 88' lang='lat' dir='ltr'>per</span> <span class='ocrx_word' id='word_1_79' title='bbox 1671 1389 1811 1445; x_wconf 89' lang='lat' dir='ltr'>ipsum</span> <span class='ocrx_word' id='word_1_80' title='bbox 1832 1389 2013 1446; x_wconf 81' lang='lat' dir='ltr'>Regem.</span> 
     </span>
     <span class='ocr_line' id='line_1_12' title="bbox 616 1477 1560 1517; baseline 0.002 -10"><span class='ocrx_word' id='word_1_81' title='bbox 616 1478 690 1514; x_wconf 78' lang='lat' dir='ltr'>(See</span> <span class='ocrx_word' id='word_1_82' title='bbox 705 1478 774 1507; x_wconf 80' lang='lat' dir='ltr'>also</span> <span class='ocrx_word' id='word_1_83' title='bbox 791 1477 887 1507; x_wconf 77' lang='lat' dir='ltr'>Arclz.</span> <span class='ocrx_word' id='word_1_84' title='bbox 907 1477 1039 1515; x_wconf 67' lang='lat' dir='ltr'>Cambr„</span> <span class='ocrx_word' id='word_1_85' title='bbox 1055 1478 1111 1507; x_wconf 66' lang='lat' dir='ltr'>eth</span> <span class='ocrx_word' id='word_1_86' title='bbox 1127 1478 1239 1516; x_wconf 78' lang='lat' dir='ltr'>Series,</span> <span class='ocrx_word' id='word_1_87' title='bbox 1254 1478 1329 1508; x_wconf 82' lang='lat' dir='ltr'>Vol.</span> <span class='ocrx_word' id='word_1_88' title='bbox 1345 1478 1415 1517; x_wconf 86' lang='lat' dir='ltr'>IV.,</span> <span class='ocrx_word' id='word_1_89' title='bbox 1432 1488 1461 1517; x_wconf 87' lang='lat' dir='ltr'>p.</span> <span class='ocrx_word' id='word_1_90' title='bbox 1479 1480 1560 1517; x_wconf 76' lang='lat'>174.)</span> 
     </span>
    </p>
   </div>
   <div class='ocr_carea' id='block_1_8' title="bbox 920 1767 1279 1810">
    <p class='ocr_par' dir='ltr' id='par_1_8' title="bbox 920 1767 1279 1810">
     <span class='ocr_line' id='line_1_13' title="bbox 920 1767 1279 1810; baseline -0.003 0"><span class='ocrx_word' id='word_1_91' title='bbox 920 1767 1279 1810; x_wconf 79' lang='lat' dir='ltr'><strong>MDOXXXVI.</strong></span> 
     </span>
    </p>
   </div>
   <div class='ocr_carea' id='block_1_9' title="bbox 151 1883 2043 2035">
    <p class='ocr_par' dir='ltr' id='par_1_9' title="bbox 151 1883 2043 2035">
     <span class='ocr_line' id='line_1_14' title="bbox 151 1883 2043 1938; baseline 0.001 -11"><span class='ocrx_word' id='word_1_92' title='bbox 151 1883 364 1927; x_wconf 86' lang='lat' dir='ltr'><strong>ROYAL</strong></span> <span class='ocrx_word' id='word_1_93' title='bbox 443 1883 837 1927; x_wconf 81' lang='lat' dir='ltr'><strong>PROTEOTION</strong></span> <span class='ocrx_word' id='word_1_94' title='bbox 919 1884 1119 1928; x_wconf 76' lang='lat' dir='ltr'>GIVEN</span> <span class='ocrx_word' id='word_1_95' title='bbox 1204 1884 1279 1927; x_wconf 82' lang='lat' dir='ltr'>TO</span> <span class='ocrx_word' id='word_1_96' title='bbox 1371 1884 1502 1926; x_wconf 81' lang='lat' dir='ltr'>THE</span> <span class='ocrx_word' id='word_1_97' title='bbox 1586 1884 1795 1928; x_wconf 76' lang='lat' dir='ltr'>KING’S</span> <span class='ocrx_word' id='word_1_98' title='bbox 1882 1885 2043 1938; x_wconf 81' lang='lat' dir='ltr'>SHIP,</span> 
     </span>
     <span class='ocr_line' id='line_1_15' title="bbox 357 1982 1843 2035; baseline 0.001 -9"><span class='ocrx_word' id='word_1_99' title='bbox 357 1983 463 2026; x_wconf 82' lang='lat' dir='ltr'>‘LE</span> <span class='ocrx_word' id='word_1_100' title='bbox 500 1982 783 2026; x_wconf 76' lang='lat' dir='ltr'>GODYER’</span> <span class='ocrx_word' id='word_1_101' title='bbox 836 1983 914 2026; x_wconf 91' lang='lat' dir='ltr'>OF</span> <span class='ocrx_word' id='word_1_102' title='bbox 964 1983 1254 2035; x_wconf 83' lang='lat' dir='ltr'><strong>OARDIFF,</strong></span> <span class='ocrx_word' id='word_1_103' title='bbox 1306 1983 1428 2026; x_wconf 86' lang='lat' dir='ltr'>FOR</span> <span class='ocrx_word' id='word_1_104' title='bbox 1478 1983 1603 2026; x_wconf 84' lang='lat' dir='ltr'>ONE</span> <span class='ocrx_word' id='word_1_105' title='bbox 1654 1984 1843 2027; x_wconf 79' lang='lat' dir='ltr'><strong>YEAR.</strong></span> 
     </span>
    </p>
   </div>
   <div class='ocr_carea' id='block_1_10' title="bbox 618 2091 2013 2234">
    <p class='ocr_par' dir='ltr' id='par_1_10' title="bbox 618 2091 2013 2234">
     <span class='ocr_line' id='line_1_16' title="bbox 618 2091 1573 2148; baseline 0.001 -15"><span class='ocrx_word' id='word_1_106' title='bbox 618 2091 749 2148; x_wconf 70' lang='lat' dir='ltr'>[PAT.</span> <span class='ocrx_word' id='word_1_107' title='bbox 785 2091 892 2134; x_wconf 55' lang='lat' dir='ltr'>Rom</span> <span class='ocrx_word' id='word_1_108' title='bbox 956 2092 1010 2133; x_wconf 90' lang='grc'>20</span> <span class='ocrx_word' id='word_1_109' title='bbox 1042 2091 1169 2133; x_wconf 79' lang='lat' dir='ltr'><strong>Enw.</strong></span> <span class='ocrx_word' id='word_1_110' title='bbox 1203 2091 1283 2143; x_wconf 77' lang='lat' dir='ltr'>IL,</span> <span class='ocrx_word' id='word_1_111' title='bbox 1316 2091 1477 2134; x_wconf 75' lang='lat' dir='ltr'><strong>MEMB.</strong></span> <span class='ocrx_word' id='word_1_112' title='bbox 1510 2091 1573 2148; x_wconf 85' lang='lat'>8.]</span> 
     </span>
     <span class='ocr_line' id='line_1_17' title="bbox 1278 2189 2013 2234; baseline 0.004 -3"><span class='ocrx_word' id='word_1_113' title='bbox 1278 2190 1303 2231; x_wconf 86' lang='lat'><strong>3</strong></span> <span class='ocrx_word' id='word_1_114' title='bbox 1335 2189 1450 2232; x_wconf 83' lang='lat' dir='ltr'>Nov.</span> <span class='ocrx_word' id='word_1_115' title='bbox 1513 2190 1567 2231; x_wconf 91' lang='grc'>20</span> <span class='ocrx_word' id='word_1_116' title='bbox 1599 2189 1727 2233; x_wconf 77' lang='lat' dir='ltr'><strong>Enw.</strong></span> <span class='ocrx_word' id='word_1_117' title='bbox 1760 2189 1824 2232; x_wconf 88' lang='lat' dir='ltr'>II.</span> <span class='ocrx_word' id='word_1_118' title='bbox 1890 2192 2013 2234; x_wconf 77' lang='lat'><strong>1326.</strong></span> 
     </span>
    </p>
   </div>
   <div class='ocr_carea' id='block_1_11' title="bbox 887 2296 1317 2339">
    <p class='ocr_par' dir='ltr' id='par_1_11' title="bbox 887 2296 1317 2339">
     <span class='ocr_line' id='line_1_18' title="bbox 887 2296 1317 2339; baseline 0.002 -1"><span class='ocrx_word' id='word_1_119' title='bbox 887 2296 959 2338; x_wconf 83' lang='lat' dir='ltr'>DE</span> <span class='ocrx_word' id='word_1_120' title='bbox 992 2296 1317 2339; x_wconf 75' lang='lat' dir='ltr'><strong>PROTECTIONE.</strong></span> 
     </span>
    </p>
   </div>
   <div class='ocr_carea' id='block_1_12' title="bbox 127 2404 2074 2811">
    <p class='ocr_par' dir='ltr' id='par_1_12' title="bbox 127 2404 2074 2811">
     <span class='ocr_line' id='line_1_19' title="bbox 183 2404 2072 2461; baseline 0.001 -12"><span class='ocrx_word' id='word_1_121' title='bbox 183 2405 213 2449; x_wconf 87' lang='lat' dir='ltr'><strong>J</strong></span> <span class='ocrx_word' id='word_1_122' title='bbox 216 2420 425 2449; x_wconf 79' lang='lat' dir='ltr'><strong>OHANNES</strong></span> <span class='ocrx_word' id='word_1_123' title='bbox 454 2404 484 2448; x_wconf 87' lang='lat' dir='ltr'>J</span> <span class='ocrx_word' id='word_1_124' title='bbox 486 2404 606 2447; x_wconf 84' lang='lat' dir='ltr'>OSEP&#39;</span> <span class='ocrx_word' id='word_1_125' title='bbox 630 2438 639 2447; x_wconf 90' lang='lat'><strong>.</strong></span> <span class='ocrx_word' id='word_1_126' title='bbox 663 2404 873 2461; x_wconf 80' lang='lat' dir='ltr'>Magister</span> <span class='ocrx_word' id='word_1_127' title='bbox 902 2405 1023 2447; x_wconf 82' lang='lat' dir='ltr'>navis</span> <span class='ocrx_word' id='word_1_128' title='bbox 1052 2405 1165 2461; x_wconf 86' lang='lat' dir='ltr'>regis</span> <span class='ocrx_word' id='word_1_129' title='bbox 1186 2410 1330 2447; x_wconf 81' lang='lat' dir='ltr'>vocate</span> <span class='ocrx_word' id='word_1_130' title='bbox 1363 2410 1372 2428; x_wconf 94' lang='lat'>‘</span> <span class='ocrx_word' id='word_1_131' title='bbox 1387 2404 1455 2448; x_wconf 70' lang='lat' dir='ltr'>LE</span> <span class='ocrx_word' id='word_1_132' title='bbox 1477 2405 1666 2448; x_wconf 79' lang='lat' dir='ltr'>GODYER</span> <span class='ocrx_word' id='word_1_133' title='bbox 1682 2405 1692 2423; x_wconf 89' lang='lat'>&#39;</span> <span class='ocrx_word' id='word_1_134' title='bbox 1721 2407 1774 2448; x_wconf 87' lang='lat' dir='ltr'>de</span> <span class='ocrx_word' id='word_1_135' title='bbox 1795 2404 2009 2449; x_wconf 77' lang='lat' dir='ltr'><strong>KAERDIF</strong></span> <span class='ocrx_word' id='word_1_136' title='bbox 2031 2416 2072 2450; x_wconf 79' lang='lat' dir='ltr'>et</span> 
     </span>
     <span class='ocr_line' id='line_1_20' title="bbox 127 2495 2074 2540; baseline 0.001 -1"><span class='ocrx_word' id='word_1_137' title='bbox 127 2497 367 2540; x_wconf 83' lang='lat' dir='ltr'><strong>JOHANNES</strong></span> <span class='ocrx_word' id='word_1_138' title='bbox 394 2496 550 2538; x_wconf 78' lang='lat' dir='ltr'>BURSY</span> <span class='ocrx_word' id='word_1_139' title='bbox 585 2526 594 2535; x_wconf 92' lang='lat'><em>.</em></span> <span class='ocrx_word' id='word_1_140' title='bbox 621 2495 854 2538; x_wconf 77' lang='lat' dir='ltr'><strong>RICARDUS</strong></span> <span class='ocrx_word' id='word_1_141' title='bbox 879 2510 970 2537; x_wconf 86' lang='lat' dir='ltr'>THE</span> <span class='ocrx_word' id='word_1_142' title='bbox 1001 2495 1124 2538; x_wconf 72' lang='lat' dir='ltr'>Sum</span> <span class='ocrx_word' id='word_1_143' title='bbox 1157 2530 1165 2538; x_wconf 89' lang='lat'>.</span> <span class='ocrx_word' id='word_1_144' title='bbox 1199 2496 1441 2539; x_wconf 84' lang='lat' dir='ltr'><strong>JOHANNES</strong></span> <span class='ocrx_word' id='word_1_145' title='bbox 1471 2496 1710 2539; x_wconf 83' lang='lat' dir='ltr'><strong>DINEURAS</strong></span> <span class='ocrx_word' id='word_1_146' title='bbox 1742 2529 1752 2538; x_wconf 92' lang='lat'><strong>.</strong></span> <span class='ocrx_word' id='word_1_147' title='bbox 1789 2495 2074 2540; x_wconf 80' lang='lat' dir='ltr'>WILLELMUS</span> 
     </span>
     <span class='ocr_line' id='line_1_21' title="bbox 128 2585 2074 2632; baseline 0.002 -3"><span class='ocrx_word' id='word_1_148' title='bbox 128 2586 263 2630; x_wconf 79' lang='lat' dir='ltr'><strong>DAVY</strong></span> <span class='ocrx_word' id='word_1_149' title='bbox 301 2621 309 2629; x_wconf 91' lang='lat'><strong>.</strong></span> <span class='ocrx_word' id='word_1_150' title='bbox 347 2586 580 2629; x_wconf 79' lang='lat' dir='ltr'>NICHOLAs</span> <span class='ocrx_word' id='word_1_151' title='bbox 615 2585 779 2628; x_wconf 79' lang='lat' dir='ltr'><strong>AUFEY</strong></span> <span class='ocrx_word' id='word_1_152' title='bbox 814 2619 822 2627; x_wconf 94' lang='lat'><strong>.</strong></span> <span class='ocrx_word' id='word_1_153' title='bbox 860 2585 1101 2628; x_wconf 76' lang='lat' dir='ltr'><strong>JOHANNES</strong></span> <span class='ocrx_word' id='word_1_154' title='bbox 1134 2586 1285 2628; x_wconf 73' lang='lat' dir='ltr'>Momz</span> <span class='ocrx_word' id='word_1_155' title='bbox 1317 2590 1359 2628; x_wconf 83' lang='lat' dir='ltr'>et</span> <span class='ocrx_word' id='word_1_156' title='bbox 1386 2586 1626 2629; x_wconf 79' lang='lat' dir='ltr'><strong>JOHANNES</strong></span> <span class='ocrx_word' id='word_1_157' title='bbox 1656 2586 1786 2630; x_wconf 85' lang='lat' dir='ltr'><strong>PAYN</strong></span> <span class='ocrx_word' id='word_1_158' title='bbox 1817 2623 1825 2631; x_wconf 94' lang='lat'>.</span> <span class='ocrx_word' id='word_1_159' title='bbox 1854 2589 2074 2632; x_wconf 83' lang='lat' dir='ltr'>marinarii</span> 
     </span>
     <span class='ocr_line' id='line_1_22' title="bbox 128 2676 2073 2735; baseline 0.002 -15"><span class='ocrx_word' id='word_1_160' title='bbox 128 2678 320 2735; x_wconf 86' lang='lat' dir='ltr'>ejusdem</span> <span class='ocrx_word' id='word_1_161' title='bbox 350 2677 471 2720; x_wconf 83' lang='lat' dir='ltr'>navis</span> <span class='ocrx_word' id='word_1_162' title='bbox 502 2676 662 2719; x_wconf 73' lang='lat' dir='ltr'>habent</span> <span class='ocrx_word' id='word_1_163' title='bbox 698 2677 841 2719; x_wconf 79' lang='lat' dir='ltr'>literas</span> <span class='ocrx_word' id='word_1_164' title='bbox 874 2677 987 2733; x_wconf 88' lang='lat' dir='ltr'>regis</span> <span class='ocrx_word' id='word_1_165' title='bbox 1019 2678 1071 2719; x_wconf 88' lang='lat' dir='ltr'>de</span> <span class='ocrx_word' id='word_1_166' title='bbox 1109 2677 1370 2733; x_wconf 73' lang='lat' dir='ltr'>protectione</span> <span class='ocrx_word' id='word_1_167' title='bbox 1411 2678 1593 2734; x_wconf 79' lang='lat' dir='ltr'>simplici</span> <span class='ocrx_word' id='word_1_168' title='bbox 1629 2693 1704 2734; x_wconf 81' lang='lat' dir='ltr'>per</span> <span class='ocrx_word' id='word_1_169' title='bbox 1743 2695 1878 2722; x_wconf 75' lang='lat' dir='ltr'>unum</span> <span class='ocrx_word' id='word_1_170' title='bbox 1910 2695 2073 2724; x_wconf 82' lang='lat' dir='ltr'>annum</span> 
     </span>
     <span class='ocr_line' id='line_1_23' title="bbox 129 2769 366 2811; baseline -0.004 0"><span class='ocrx_word' id='word_1_171' title='bbox 129 2769 366 2811; x_wconf 76' lang='lat' dir='ltr'>duraturas.</span> 
     </span>
    </p>
   </div>
   <div class='ocr_carea' id='block_1_13' title="bbox 187 2856 1716 2913">
    <p class='ocr_par' dir='ltr' id='par_1_13' title="bbox 187 2856 1716 2913">
     <span class='ocr_line' id='line_1_24' title="bbox 187 2856 1716 2913; baseline 0.001 -13"><span class='ocrx_word' id='word_1_172' title='bbox 187 2857 312 2901; x_wconf 73' lang='lat' dir='ltr'>Teste</span> <span class='ocrx_word' id='word_1_173' title='bbox 333 2857 456 2913; x_wconf 81' lang='lat' dir='ltr'>Rege</span> <span class='ocrx_word' id='word_1_174' title='bbox 476 2857 592 2913; x_wconf 84' lang='lat' dir='ltr'>apud.</span> <span class='ocrx_word' id='word_1_175' title='bbox 612 2856 814 2899; x_wconf 61' lang='lat' dir='ltr'>Momm</span> <span class='ocrx_word' id='word_1_176' title='bbox 842 2859 936 2913; x_wconf 71' lang='lat' dir='ltr'>(i.e.‚</span> <span class='ocrx_word' id='word_1_177' title='bbox 958 2858 1185 2913; x_wconf 75' lang='lat' dir='ltr'>MARGAM)</span> <span class='ocrx_word' id='word_1_178' title='bbox 1211 2860 1339 2902; x_wconf 70' lang='lat' dir='ltr'>&#39;nereio</span> <span class='ocrx_word' id='word_1_179' title='bbox 1360 2860 1429 2901; x_wconf 83' lang='lat' dir='ltr'>die</span> <span class='ocrx_word' id='word_1_180' title='bbox 1448 2858 1716 2902; x_wconf 86' lang='lat' dir='ltr'>Novembris.</span> 
     </span>
    </p>
   </div>
   <div class='ocr_carea' id='block_1_14' title="bbox 684 2950 2014 3061">
    <p class='ocr_par' dir='ltr' id='par_1_14' title="bbox 684 2950 2014 3061">
     <span class='ocr_line' id='line_1_25' title="bbox 1578 2950 2014 3007; baseline 0.002 -15"><span class='ocrx_word' id='word_1_181' title='bbox 1578 2965 1652 3006; x_wconf 87' lang='lat' dir='ltr'>per</span> <span class='ocrx_word' id='word_1_182' title='bbox 1673 2954 1813 3005; x_wconf 87' lang='lat' dir='ltr'>ipsum</span> <span class='ocrx_word' id='word_1_183' title='bbox 1835 2950 2014 3007; x_wconf 82' lang='lat' dir='ltr'>Regem.</span> 
     </span>
     <span class='ocr_line' id='line_1_26' title="bbox 684 3020 1539 3061; baseline 0.004 -11"><span class='ocrx_word' id='word_1_184' title='bbox 684 3020 758 3058; x_wconf 84' lang='lat' dir='ltr'>(See</span> <span class='ocrx_word' id='word_1_185' title='bbox 774 3021 871 3051; x_wconf 73' lang='lat' dir='ltr'><strong><em>Arch.</em></strong></span> <span class='ocrx_word' id='word_1_186' title='bbox 890 3021 1021 3060; x_wconf 59' lang='lat' dir='ltr'>Cambr„</span> <span class='ocrx_word' id='word_1_187' title='bbox 1036 3023 1091 3052; x_wconf 61' lang='grc' dir='ltr'>ὀπὴ</span> <span class='ocrx_word' id='word_1_188' title='bbox 1108 3023 1223 3061; x_wconf 80' lang='lat' dir='ltr'>Series,</span> <span class='ocrx_word' id='word_1_189' title='bbox 1239 3023 1312 3053; x_wconf 87' lang='lat' dir='ltr'>Vol.</span> <span class='ocrx_word' id='word_1_190' title='bbox 1327 3023 1397 3059; x_wconf 88' lang='lat' dir='ltr'>IV.,</span> <span class='ocrx_word' id='word_1_191' title='bbox 1412 3033 1442 3061; x_wconf 88' lang='lat' dir='ltr'>p.</span> <span class='ocrx_word' id='word_1_192' title='bbox 1460 3024 1539 3061; x_wconf 88' lang='grc'>176.)</span> 
     </span>
    </p>
   </div>
  </div>
 </body>
</html>
