2425 3423
1930 275 2044 317 2313

1002 846 1279 890 MDXOIII.

153 961 520 1005 OIROGRAPH
593 962 765 1005 DEED
836 963 914 1005 OF
984 962 1351 1015 EXCHANGE,
1434 961 1764 1006 WHEREBY
1844 962 2102 1005 THOMAS

297 1061 503 1105 ALBUS
547 1061 730 1106 GIVES
771 1061 902 1105 THE
958 1062 1133 1105 LAND
1186 1062 1265 1105 OF
1321 1061 1593 1106 WALTER
1648 1061 1776 1104 ULF
1833 1061 1917 1104 ΟΝ
1973 1060 2103 1103 THE

298 1161 471 1205 WEST
522 1160 600 1204 OF
648 1160 779 1204 THE
821 1161 992 1204 ROAD
1033 1161 1109 1204 TO
1151 1160 1428 1206 NEWTON
1476 1160 1552 1204 TO
1595 1160 1726 1204 THE
1768 1160 1984 1204 MONKS
2025 1159 2104 1203 OF

299 1259 588 1312 MARGAM,
641 1259 764 1303 FOR
819 1260 1139 1304 BUILDING
1190 1261 1233 1303 A
1286 1260 1546 1304 GRANGE
1602 1259 1920 1312 THEREON,
1981 1259 2104 1302 FOR

301 1358 427 1401 ONE
468 1358 634 1401 AORE
675 1358 751 1400 OF
793 1359 1060 1402 OHUROH
1100 1359 1276 1402 LAND
1317 1358 1633 1403 BETWEEN
1675 1357 1814 1403 TWO
1855 1357 2059 1401 POOLS.

874 1483 1100 1541 [MARGAM
1133 1483 1392 1540 CHARTER]

1477 1583 1637 1625 EARLY
1670 1583 1787 1625 13m
1820 1582 2053 1625 CENTURY.

621 1723 1659 1766 O.I.R.O.G.R.A.P.H.U.M.

211 1848 357 1891 Sciant
390 1852 606 1904 presentes
638 1851 679 1891 et
715 1848 851 1890 futuri
886 1849 1000 1903 quod
1033 1848 1109 1890 heo
1145 1852 1207 1890 est
1242 1848 1465 1890 conventio
1501 1847 1615 1890 faeta
1651 1848 1763 1890 inter
1798 1847 2026 1890 monachos
2057 1848 2109 1889 de

154 1939 356 1981 MARGAN
380 1973 387 1980 .
413 1945 454 1981 et
487 1938 693 1981 THOMAM
723 1939 892 1980 ALBUM
924 1939 976 1980 de
1008 1937 1234 1980 KENEFEG
1269 1972 1277 1980 .
1311 1938 1508 1980 videficet
1538 1939 1652 1994 quod
1682 1953 1761 1994 ego
1784 1937 1974 1980 THOMAs
2004 1938 2104 1980 dedi

150 2030 197 2071 in
237 2033 490 2085 perpetuum
533 2029 800 2071 excambium
840 2029 1039 2084 predictis
1089 2029 1306 2071 monachis
1355 2029 1407 2070 de
1448 2028 1653 2071 MARGAN
1695 2034 1853 2071 terram
1895 2043 1977 2084 que
2018 2029 2103 2071 fuit

152 2119 375 2165 WALTERI
406 2119 506 2164 VLF
537 2154 545 2162 .
577 2135 658 2175 que
689 2123 751 2162 est
782 2120 834 2162 ad
867 2119 1128 2161 occidentem
1158 2119 1224 2161 vie
1256 2135 1337 2175 que
1369 2119 1486 2161 vadit
1516 2134 1658 2161 versus
1686 2118 1859 2162 NovAM
1882 2119 2071 2162 VILLAM
2095 2152 2104 2160 .

145 2213 200 2253 ad
222 2212 447 2268 grangiam
470 2225 590 2252 suam
610 2211 788 2266 desuper
809 2211 1135 2253 construendam
1157 2243 1165 2252 .
1190 2225 1265 2265 pro
1287 2225 1374 2252 una
1395 2225 1491 2252 aera
1521 2213 1631 2252 terre
1655 2242 1663 2251 .
1687 2210 1739 2252 de
1760 2213 1873 2252 terra
1894 2209 2063 2252 eeclesie
2087 2243 2096 2252 .

151 2318 232 2358 que
252 2302 365 2358 jacet
386 2302 499 2345 inter
520 2303 626 2344 duas
647 2302 776 2344 lacus.

208 2393 309 2436 Hiis
346 2393 526 2436 testibus
563 2427 570 2435 .
605 2392 838 2436 WALTERO
871 2391 1033 2434 LUUEL
1069 2425 1077 2433 .
1108 2391 1312 2434 RICARDO
1341 2391 1488 2434 elerico
1523 2424 1531 2433 .
1560 2390 1774 2434 Rossssmo
1810 2392 1862 2433 de
1890 2391 2060 2433 AUENA
2087 2424 2098 2434 .

149 2485 290 2527 ADAM
311 2484 340 2527 J
343 2483 444 2525 ORD'
470 2517 478 2526 .
501 2483 735 2527 WALTERO
756 2482 1064 2524 molendinario
1087 2513 1097 2526 .
1121 2485 1163 2524 et
1183 2481 1330 2524 multis
1353 2481 1459 2524 aliis.

211 2575 308 2618 Seal
330 2575 533 2631 wanting.

206 2665 498 2708 Endorsed—-‘
515 2665 841 2721 Cyrographum
865 2662 1029 2705 Thome
1053 2663 1158 2705 Albi
1180 2664 1232 2705 de
1252 2665 1364 2704 terra
1386 2661 1498 2704 [an

358 3170 457 3204 121>
