2425 3423
1939 290 2051 331 2399

149 513 284 553 usque
319 498 509 554 lapidem
544 502 741 541 vocatum
777 497 935 540 MAEN'
972 497 1128 540 LLOYD
1161 500 1204 539 et
1243 497 1296 539 ab
1329 497 1408 539 hoc
1440 496 1549 539 sicut
1588 497 1714 539 ducet
1754 497 1893 539 lacum
1927 497 2108 553 predicti

149 588 277 631 ΟΟΜΕ
308 589 507 632 KENFYG
539 606 672 647 usque
704 590 806 632 RYD
837 604 865 631 Y
895 589 1021 632 CoME
1043 591 1086 631 et
1116 591 1244 644 prout
1274 588 1362 630 alta
1392 588 1461 630 via
1491 588 1609 630 ducit
1639 588 1692 629 de
1725 587 1914 642 predicto
1946 587 2047 629 RYD
2076 603 2104 629 Y

151 680 278 724 Gom
299 696 431 736 usque
454 697 619 724 crucem
639 685 832 724 vocat-am
855 680 996 723 GRoEs
1018 679 1263 722 GRUFFITH
1285 682 1328 721 et
1358 679 1416 722 sic
1446 694 1579 734 usque
1600 678 1726 721 'PONE
1759 678 1968 721 GREGOYS
1989 682 2032 721 et
2052 680 2105 721 de

148 771 227 814 hoc
246 787 381 828 usque
402 787 567 814 crucem
591 773 844 814 existentem
864 772 979 827 apud
1000 770 1099 813 PEN
1122 770 1265 812 Rnws
1286 785 1315 812 Y
1336 769 1546 813 BARONN'
1569 773 1611 812 et
1642 770 1700 812 sic
1730 785 1863 826 usque
1884 769 2053 812 HAvon
2075 785 2103 812 Y

149 862 284 905 DYGA
304 878 439 918 usque
461 867 618 906 terram
639 865 875 920 predictam
898 862 1168 906 TERZARLLE
1202 896 1210 904 .
1245 861 1511 904 Habendum
1533 865 1576 903 et
1603 862 1839 903 tenendum
1869 862 2105 917 predictam

148 955 379 1010 parcellam
419 956 528 997 vasti
570 970 666 997 cum
706 955 903 997 omnibus
943 955 1028 996 suis
1068 953 1340 1009 pertinentiis
1379 953 1488 995 sieut
1535 953 1774 1009 predictum
1824 956 1886 996 est
1928 953 2106 1009 prefatis

151 1045 345 1088 LLEsoN'
377 1061 431 1102 ap
461 1046 491 1088 J
494 1061 616 1088 EUAN
650 1081 658 1088 .
691 1046 721 1089 J
723 1060 868 1088 ONETE
891 1045 1012 1087 uxori
1040 1060 1112 1086 sue
1143 1047 1186 1086 et
1206 1044 1235 1087 J
1238 1058 1415 1086 OHANNI
1437 1044 1525 1086 filio
1547 1045 1777 1086 eorundem
1798 1045 1853 1087 ad
1873 1045 2107 1088 terminum

149 1137 236 1179 vite
257 1153 403 1179 eorum
433 1140 476 1179 et
497 1152 644 1179 eorum
677 1137 804 1179 unius
835 1137 1000 1179 diucius
1030 1136 1212 1178 viventis
1244 1170 1252 1177 .
1286 1135 1524 1178 Reddendo
1554 1135 1654 1177 inde
1684 1135 1908 1177 annuatim
1938 1135 2105 1190 prefato

150 1228 295 1271 abbati
331 1233 373 1270 et
409 1228 714 1271 successoribus
752 1229 838 1270 suis
873 1228 1097 1270 duodecim
1127 1227 1322 1270 denarios
1356 1227 1539 1270 termino
1572 1226 1833 1269 MIGHAELIS
1866 1241 1962 1268 cum
1997 1229 2108 1268 secta

153 1319 267 1362 curie
286 1319 353 1362 bis
373 1320 420 1362 in
452 1335 565 1362 anno
595 1320 792 1362 videlicet
821 1319 1081 1361 MICHAELIS
1102 1322 1145 1361 et
1174 1318 1367 1361 HoanY
1400 1353 1407 1360 .
1441 1321 1483 1360 et
1512 1318 1723 1360 herietum
1753 1317 1979 1360 successive
2010 1332 2107 1360 cum

150 1411 349 1453 acciderit
370 1411 567 1453 videlicet
599 1425 734 1453 unum
767 1411 942 1452 arietem
964 1414 1007 1452 et
1027 1411 1133 1452 dant
1154 1410 1327 1452 domino
1354 1410 1400 1452 in
1421 1410 1558 1465 primo
1578 1410 1774 1466 ingressu
1804 1424 1887 1451 xm.
1911 1409 2107 1451 denarios

150 1506 193 1543 et
223 1501 388 1544 dabunt
423 1505 519 1558 post
549 1502 724 1544 alterius
754 1503 970 1544 decessum
1001 1509 1072 1543 1J⁰S
1105 1516 1284 1556 capones
1313 1502 1380 1544 vel
1412 1507 1523 1543 111]οΥ
1551 1501 1745 1543 denarios
1777 1504 1819 1542 et
1860 1500 1917 1542 sic
1946 1499 2107 1542 habent

152 1592 253 1634 inde
295 1592 493 1635 seisinam
536 1596 578 1634 et
614 1593 806 1635 fecerunt
843 1593 1014 1634 domino
1056 1593 1318 1634 fidelitatem.
1393 1591 1447 1634 In
1489 1592 1608 1647 cujus
1655 1592 1770 1647 copie
1813 1591 2106 1634 testimonium

155 1683 346 1740 sigillum
366 1684 545 1739 predicti
567 1683 786 1726 senescalli
806 1683 1075 1739 presentibus
1095 1686 1158 1725 est
1178 1698 1425 1739 appensum.

210 1774 375 1817 Datum
396 1775 467 1817 die
490 1775 581 1817 loco
606 1779 648 1817 et
668 1790 781 1817 anno
803 1775 1066 1830 supradictis.

213 1866 348 1908 Small
369 1867 510 1923 signet
533 1867 632 1917 seal,
654 1867 729 1908 red
751 1882 858 1917 wau,
881 1881 906 1907 a
926 1880 1177 1920 monogram
1199 1865 1309 1917 I.G.,
1333 1866 1398 1908 for
1428 1865 1457 1908 J
1460 1865 1648 1908 ohannes
1682 1864 1877 1919 (Grruff’),
1894 1863 2040 1907 Abbot
2062 1864 2107 1906 of

156 1957 369 2015 Margam,
393 1973 459 2001 see
481 1958 565 2001 No.
589 1972 761 2000 Mccmx.
