2425 3423
1890 223 2003 266 2127

168 428 334 470 Datum
361 428 557 471 vicesimo
585 430 704 471 sexto
728 428 797 470 die
827 427 1074 471 Decembris
1098 443 1209 471 anno
1244 429 1368 485 regni
1396 429 1565 472 domine
1592 432 1732 473 nostre
1762 430 2054 473 ELIZABETHE

107 518 192 561 Dei
227 518 369 575 gracia
407 517 591 561 ANGLIE
631 517 868 561 mewcm
908 520 950 561 et
990 517 1231 561 Hmmmss
1267 519 1436 576 Regino
1469 519 1568 562 fidei
1603 520 1836 563 defensoris
1874 523 2055 564 etcetera

109 610 434 666 quadragesimo
466 643 475 652 .
507 609 564 652 In
595 609 718 666 cujus
747 610 809 652 rei
838 609 1133 652 testimonium
1162 609 1262 653 huie
1292 611 1477 666 presenti
1509 614 1621 654 carte
1650 626 1743 654 mee
1766 626 1846 668 ego
1866 611 2057 668 prefatus

112 699 371 743 WATKINUS
391 699 647 743 LOUGHOUR
668 700 859 756 sigillum
879 715 1021 743 meum
1043 700 1232 756 apposui.

170 789 267 832 Seal
287 790 447 833 broken
468 791 540 833 off.

168 881 630 924 Endorsed—‘Sealed
661 882 746 924 and
782 881 1014 937 delyuered
1046 882 1150 924 with
1178 883 1333 938 lyuery
1360 885 1446 925 and
1478 899 1634 939 seysyn
1667 885 1871 927 executed
1903 884 1949 926 in
1980 884 2053 926 the

112 987 282 1028 presens
303 972 348 1014 of
367 972 396 1015 J
399 988 507 1015 euan
531 971 629 1015 Gre'
654 1006 662 1015 .
686 972 870 1029 Mor-gan
893 972 1025 1015 Hoell
1053 1006 1063 1016 .
1094 973 1277 1017 Watkin
1297 973 1482 1017 Thomas
1502 975 1696 1017 Ailward
1718 1009 1727 1018 .
1752 974 1850 1018 Gre'
1873 974 1903 1018 J
1905 989 2014 1017 euan
2044 1009 2052 1017 .

110 1062 295 1120 Morgan
315 1062 345 1106 J
348 1062 462 1105 ohn.'

869 1222 1290 1267 MGOOOLXXIX.

110 1327 488 1374 QUIT-OLAIM
537 1328 625 1371 BY
678 1329 974 1373 WATKINS
1037 1329 1357 1384 LOUGHOR,
1410 1331 1489 1374 OF
1539 1331 1925 1385 TITHEXTON,
1978 1333 2054 1376 TO

253 1418 518 1463 WATKIN
568 1419 772 1465 DAVID
825 1419 1073 1472 HUGHE,
1125 1420 1203 1464 OF
1252 1420 1555 1474 KYNFIGE,
1618 1422 1696 1466 OF
1745 1423 1922 1467 LAND
1982 1424 2054 1467 IN

253 1510 557 1554 KYNFIGE.

824 1584 1056 1642 [MARGAM
1088 1585 1346 1644 CHARTER]

1360 1679 1415 1720 28
1436 1678 1547 1721 DEc.
1609 1680 1664 1722 40
1685 1679 1810 1722 Em.
1876 1682 1998 1724 1597.

168 1783 380 1826 Omnibus
402 1782 592 1825 Onmsn
613 1782 810 1826 fidelibus
829 1784 884 1825 ad
903 1798 1008 1839 quos
1029 1783 1107 1826 hoc
1128 1799 1299 1840 presens
1319 1785 1524 1841 scriptum
1553 1801 1698 1829 meum
1718 1789 1959 1843 pervenerit
1979 1804 2058 1845 ego

110 1874 335 1918 WATKms
356 1873 580 1916 LOUGHOR
600 1875 653 1916 de
675 1873 941 1916 ΤΙΤΗΕΧΤΟΝ
963 1874 1008 1916 in
1036 1875 1241 1917 comitatu
1271 1875 1632 1919 GLAMORGANCIE
1663 1878 1850 1934 armiger
1879 1880 2059 1923 salutem

106 1966 152 2008 in
174 1965 347 2007 domino
376 1964 690 2019 sempiternam.

164 2055 383 2099 Noveritis
402 2070 470 2097 me
490 2055 707 2110 prefatum
728 2054 1001 2098 WATKINUM
1023 2055 1247 2098 LOUGHOR
1266 2057 1473 2099 remisisse
1493 2057 1702 2101 relaxasse
1723 2062 1766 2102 et
1786 2061 1959 2104 omnino
1980 2078 2056 2118 pro

108 2162 176 2190 me
197 2151 239 2189 et
260 2145 486 2188 heredibus
506 2145 612 2187 meis
632 2145 947 2201 imperpetuum
977 2146 1170 2201 quietum
1200 2147 1401 2190 clamasse
1431 2147 1664 2192 WATKmo
1693 2149 1849 2194 DAvm
1878 2152 2056 2197 HUGHE

107 2239 159 2280 de
190 2237 406 2279 Rimmon
437 2236 483 2278 in
525 2236 729 2279 comitatu
763 2236 951 2292 predicto
981 2252 1164 2291 yeoman
1193 2238 1239 2280 in
1269 2253 1345 2280 sua
1374 2239 1502 2295 plena
1523 2243 1566 2282 et
1594 2241 1767 2296 pacifica
1796 2245 2054 2298 possessione

107 2327 308 2371 existenti
328 2329 370 2368 et
385 2325 611 2369 heredibus
632 2327 717 2368 suis
732 2327 1046 2383 imperpetuum
1067 2331 1204 2370 totum
1226 2329 1297 2385 jus
1313 2344 1455 2372 meum
1471 2331 1647 2374 titulum
1668 2333 1877 2377 clameum
1893 2338 2053 2380 statum

102 2420 303 2462 interesse
333 2420 376 2459 et
406 2417 662 2459 demandam
693 2418 745 2459 de
775 2418 843 2460 vel
867 2418 913 2459 in
938 2434 1024 2460 una
1054 2419 1237 2474 parcella
1265 2422 1376 2463 terre
1407 2436 1503 2464 eum
1532 2422 1619 2464 suis
1649 2424 1921 2479 pertinenciis
1951 2442 2047 2471 con-

101 2511 266 2553 tinente
288 2524 363 2565 per
383 2507 700 2551 estimacionem
720 2523 852 2550 unam
872 2523 1013 2551 acram
1038 2509 1142 2565 (sive
1162 2510 1259 2566 plus
1279 2511 1366 2553 sive
1387 2511 1544 2568 minus)
1579 2512 1747 2569 jacente
1778 2518 1820 2557 et
1840 2517 2048 2561 existente

94 2601 210 2644 infra
238 2599 481 2642 libertatem
510 2598 613 2641 ville
635 2599 687 2640 de
717 2597 934 2642 Kmmon
963 2600 1152 2656 predicta
1171 2601 1284 2644 inter
1303 2617 1439 2645 unum
1466 2603 1656 2646 clausum
1686 2608 1882 2649 vocatum
1912 2607 2043 2652 MAEs

100 2691 244 2734 MAUR
289 2705 341 2732 ex
385 2691 505 2745 parte
540 2688 750 2741 orientali,
797 2704 1064 2733 communem
1110 2691 1224 2734 viam
1263 2690 1421 2734 ibidem
1464 2696 1656 2736 vocatam
1700 2694 1882 2738 HEWLE
1922 2697 2043 2741 LASE

100 2797 153 2825 ex
198 2784 318 2837 parte
369 2779 544 2821 australi
599 2780 642 2821 et
690 2782 800 2822 terre
859 2795 997 2835 nuper
1046 2781 1092 2824 in
1141 2784 1295 2825 tenura
1353 2783 1440 2825 sive
1490 2784 1763 2841 occupatione
1811 2786 2044 2832 RmHARm

96 2872 287 2915 'Paomis
317 2885 370 2913 ex
400 2868 593 2926 partibus
623 2869 874 2912 occidentali
894 2873 937 2913 et
966 2870 1131 2914 boriali.
1191 2872 1263 2915 Ita
1282 2873 1480 2917 videlicet
1509 2876 1623 2930 quod
1653 2891 1730 2918 nec
1749 2892 1829 2934 ego
1853 2879 2045 2934 prefatus

91 2962 318 3006 WAers
341 2960 564 3004 [menon
584 2974 660 3003 nec
681 2960 856 3003 heredes
876 2961 960 3004 mei
980 2977 1057 3005 nec
1078 2963 1233 3019 aliquis
1262 2967 1503 3008 nostrorum
1533 2981 1610 3008 nec
1640 2966 1794 3022 aliquis
1824 2968 1934 3012 alius
1963 2985 2038 3026 per
