2425 3423
1930 273 2043 315 2265

802 618 1430 689 APPENDIX.

990 924 1259 969 MDXLIV.

151 1027 367 1072 GRANT
407 1029 494 1071 BY
534 1030 826 1073 MAURIOE
868 1030 952 1073 DE
993 1030 1337 1076 LONDoNHs
1380 1032 1456 1077 To
1498 1034 1579 1077 s'r.
1618 1034 1912 1079 MICHAEL
1955 1037 2091 1080 ΛΝΒ
2155 1085 2178 1098 Ι,

296 1118 377 1161 sT.
420 1119 701 1163 BRIDGET
735 1121 817 1164 ΘΒ
850 1091 1157 1165 BRIDE³⁵AT
1188 1123 1296 1167 His
1324 1124 1564 1168 PRIORY
1595 1125 1672 1168 OF
1700 1126 1980 1180 EWENNI,
2013 1128 2092 1171 OF

295 1209 424 1252 THE
472 1210 736 1254 OHUROH
783 1212 861 1254 oF
904 1211 986 1256 stc.
1034 1213 1276 1267 BRIDEs,
1312 1215 1447 1259 AND
1477 1216 1692 1260 OTHER
1735 1217 2092 1273 OHUROHEs,
2167 1252 2193 1263 -

294 1300 517 1353 LANDS,
568 1301 672 1344 ETc.

865 1376 1096 1434 [MARGAM
1129 1378 1384 1437 camma]

1690 1457 1876 1500 BEFORE
1910 1460 2033 1502 1148.

207 1557 374 1601 Notum
405 1557 460 1600 sit
490 1557 688 1600 omnibus
709 1558 850 1600 DEUM
872 1559 1153 1615 diligentibus
1174 1562 1287 1616 quod
1308 1576 1388 1618 ego
1408 1561 1669 1606 MAURICIUS
1693 1565 1746 1607 de
1767 1564 2021 1609 LoND0N11s
2041 1567 2094 1609 de

149 1649 368 1692 voluntate
389 1648 594 1690 Amanus
614 1649 757 1690 uxoris
777 1663 868 1690 mee
890 1664 1144 1704 assensuque
1165 1650 1369 1694 heredum
1398 1667 1589 1696 meorum
1620 1655 1718 1697 dedi
1746 1657 1927 1699 concessi
1954 1660 1997 1699 et
2015 1657 2096 1700 hac

148 1740 333 1796 presenti
354 1742 470 1782 carta
491 1754 584 1781 mea
605 1739 850 1782 confirmavi
871 1739 963 1782 Deo
985 1743 1027 1781 et
1047 1740 1171 1783 beato
1203 1741 1440 1785 MICHAELI
1468 1751 1510 1786 et
1531 1746 1790 1788 sanctissime
1815 1746 2018 1790 Emeum
2040 1749 2093 1790 ad

148 1831 383 1888 prioratum
403 1846 547 1873 meum
568 1832 620 1872 de
642 1831 841 1873 EWENNI
859 1831 1155 1873 sustinendum
1176 1832 1306 1887 priori
1322 1847 1414 1876 meo
1436 1835 1488 1876 de
1510 1835 1805 1879 HOGGEMORA
1827 1842 1868 1880 et
1890 1839 2094 1883 fratribus

148 1923 192 1965 in
224 1923 336 1964 dioto
366 1922 557 1977 prioratu
588 1921 680 1963 Deo
712 1922 861 1963 devote
899 1921 1177 1964 servientibus
1213 1923 1429 1966 ecclesiam
1465 1926 1724 1969 sanctissime
1765 1928 1965 1971 BmeE
1998 1946 2092 1973 cum

148 2014 344 2057 omnibus
363 2013 636 2069 pertinenciis
656 2012 742 2054 suis
766 2012 810 2053 in
833 2027 984 2068 puram
1005 2016 1047 2054 et
1073 2016 1322 2069 perpetuam
1354 2016 1626 2059 elemosinam
1657 2019 1788 2061 eciam
1819 2035 1914 2062 cum
1945 2023 2093 2064 eadem

147 2105 251 2147 villa
279 2105 341 2147 ita
370 2103 501 2146 libere
533 2107 575 2145 et
603 2103 772 2158 pacifice
799 2102 905 2144 sicut
937 2102 1080 2157 aliqua
1113 2103 1341 2146 elemosina
1369 2105 1520 2147 melius
1554 2110 1692 2162 potest
1727 2110 1930 2163 possideri
1979 2144 1987 2152 .
2016 2090 2094 2154 'Et

145 2196 364 2239 habebunt
400 2195 592 2237 homines
627 2194 730 2235 dicti
779 2193 929 2248 prioris
978 2193 1042 2234 illi
1083 2194 1240 2236 seilicet
1280 2195 1331 2237 de
1382 2195 1538 2238 Sancta
1589 2197 1790 2240 BRIGIDA
1824 2215 2091 2245 communem

145 2290 363 2343 pasturam
384 2301 409 2328 a
429 2290 549 2342 parte
570 2284 819 2327 occidentali
839 2298 971 2338 usque
993 2284 1047 2325 ad
1068 2288 1251 2326 castrum
1272 2286 1323 2327 de
1356 2285 1649 2330 HOGGEMORA
1682 2323 1690 2331 .
1723 2289 1792 2332 Do
1824 2291 1954 2334 eciam
1977 2294 2089 2336 dicto

142 2377 349 2434 prioratui
400 2377 616 2418 ecclesiam
650 2374 795 2416 Sancti
831 2373 1090 2415 MICHAEms
1126 2375 1177 2416 de
1218 2375 1417 2418 EWENNI
1458 2393 1553 2419 cum
1589 2380 1711 2421 terris
1747 2384 1788 2422 et
1823 2383 1997 2425 decimis
2032 2386 2087 2427 ad

145 2470 325 2512 eandem
345 2465 657 2524 pertinentibus
679 2479 774 2506 cum
796 2463 897 2506 villa
918 2465 970 2506 de
991 2464 1190 2507 EWENNI
1212 2471 1253 2508 et
1282 2468 1526 2511 molendino
1548 2470 1599 2510 de
1620 2469 1750 2513 VADo
1772 2475 1814 2513 et
1831 2472 1984 2515 silvula
2005 2489 2087 2530 que

145 2563 208 2602 est
239 2560 294 2601 ad
327 2558 556 2600 australem
591 2561 757 2611 partem
791 2554 989 2596 torrentis
1022 2556 1157 2597 ALUN
1191 2590 1198 2597 .
1233 2556 1294 2599 Et
1330 2562 1463 2600 totam
1491 2564 1647 2602 terram
1680 2576 1760 2616 que
1789 2566 1850 2604 est
1876 2578 1928 2605 ex
1958 2568 2078 2619 parte

142 2651 291 2693 silvule
312 2664 338 2691 a
366 2651 478 2690 terra
509 2647 714 2688 Romarm
746 2645 797 2687 de
828 2644 1068 2687 LANDEFEI
1100 2661 1232 2701 usque
1262 2648 1316 2689 ad
1345 2663 1498 2703 pascua
1517 2664 1722 2705 equorum
1743 2652 1905 2695 domini
1927 2687 1935 2696 .
1959 2658 2001 2697 et
2029 2671 2083 2698 ex

138 2743 259 2797 parte
279 2738 453 2781 orientis
470 2741 604 2778 totam
619 2738 776 2777 terram
797 2736 847 2776 de
869 2736 994 2777 domo
1015 2735 1179 2778 EDRICI
1195 2737 1451 2781 vicecomitis
1472 2754 1604 2794 usque
1626 2742 1680 2783 ad
1695 2742 1833 2797 ripam
1848 2743 2044 2787 Ewmvm
2069 2780 2077 2789 .

140 2831 201 2873 Et
234 2833 404 2872 centum
437 2842 552 2868 acras
588 2841 692 2882 quas
727 2825 860 2868 habeo
891 2825 936 2867 in
971 2826 1100 2868 feudo
1136 2828 1188 2869 de
1224 2828 1396 2871 ecclesia
1425 2829 1787 2874 THEVKESBURIE
1815 2848 1891 2889 pro
1924 2835 2081 2891 viginti

139 2920 284 2963 solidis
303 2934 378 2974 per
396 2917 586 2972 singulos
602 2931 748 2958 annos.
800 2916 869 2958 Do
890 2917 1022 2958 eciam
1038 2917 1151 2959 dicto
1168 2918 1374 2973 prioratui
1396 2921 1610 2963 ecclesiam
1642 2922 1795 2966 Sancte
1823 2924 2082 2969 MIGHAEms

138 3013 190 3053 de
226 3007 532 3052 OOLEWINEST’
565 3021 661 3049 cum
697 3007 818 3049 terris
851 3012 892 3049 et
925 3008 1097 3049 ‹lec-imis
1121 3023 1202 3063 que
1230 3010 1286 3051 ad
1312 3010 1432 3052 illam
1459 3013 1675 3066 pertinent
1707 3047 1715 3055 .
1749 3014 1818 3057 Do
1844 3016 1976 3059 eciam
1997 3017 2083 3060 illis

341 3148 422 3182 121
