<?xml version="1.0" encoding="UTF-8"?>
<!DOCTYPE html PUBLIC "-//W3C//DTD XHTML 1.0 Transitional//EN"
    "http://www.w3.org/TR/xhtml1/DTD/xhtml1-transitional.dtd">
<html xmlns="http://www.w3.org/1999/xhtml" xml:lang="en" lang="en">
 <head>
  <title>
</title>
<meta http-equiv="Content-Type" content="text/html;charset=utf-8" />
  <meta name='ocr-system' content='tesseract 3.04.00' />
  <meta name='ocr-capabilities' content='ocr_page ocr_carea ocr_par ocr_line ocrx_word'/>
</head>
<body>
  <div class='ocr_page' id='page_1' title='image "./cartaeetaliamuni06claruoft_0388.png"; bbox 0 0 2425 3423; ppageno 0'>
   <div class='ocr_carea' id='block_1_1' title="bbox 310 288 424 329">
    <p class='ocr_par' dir='ltr' id='par_1_1' title="bbox 310 288 424 329">
     <span class='ocr_line' id='line_1_1' title="bbox 310 288 424 329; baseline 0 0"><span class='ocrx_word' id='word_1_1' title='bbox 310 288 424 329; x_wconf 85' lang='lat'>2398</span> 
     </span>
    </p>
   </div>
   <div class='ocr_carea' id='block_1_2' title="bbox 248 487 2215 1452">
    <p class='ocr_par' dir='ltr' id='par_1_2' title="bbox 248 487 2209 1002">
     <span class='ocr_line' id='line_1_2' title="bbox 249 487 2206 552; baseline -0.005 -14"><span class='ocrx_word' id='word_1_2' title='bbox 249 496 488 552; x_wconf 84' lang='lat' dir='ltr'>predictum</span> <span class='ocrx_word' id='word_1_3' title='bbox 521 528 529 537; x_wconf 86' lang='lat'><strong>.</strong></span> <span class='ocrx_word' id='word_1_4' title='bbox 563 494 677 550; x_wconf 87' lang='lat' dir='ltr'>quod</span> <span class='ocrx_word' id='word_1_5' title='bbox 697 493 812 549; x_wconf 87' lang='lat' dir='ltr'>juste</span> <span class='ocrx_word' id='word_1_6' title='bbox 833 491 995 534; x_wconf 77' lang='lat' dir='ltr'>faciant</span> <span class='ocrx_word' id='word_1_7' title='bbox 1015 494 1171 532; x_wconf 87' lang='lat' dir='ltr'>sectam</span> <span class='ocrx_word' id='word_1_8' title='bbox 1192 504 1312 532; x_wconf 88' lang='lat' dir='ltr'>suam</span> <span class='ocrx_word' id='word_1_9' title='bbox 1332 489 1388 531; x_wconf 85' lang='lat' dir='ltr'>ad</span> <span class='ocrx_word' id='word_1_10' title='bbox 1407 487 1721 530; x_wconf 88' lang='lat' dir='ltr'>mollendinum</span> <span class='ocrx_word' id='word_1_11' title='bbox 1751 489 1948 529; x_wconf 89' lang='lat' dir='ltr'>nostrum</span> <span class='ocrx_word' id='word_1_12' title='bbox 1968 487 2206 542; x_wconf 88' lang='lat' dir='ltr'>predictum</span> 
     </span>
     <span class='ocr_line' id='line_1_3' title="bbox 248 577 2205 643; baseline -0.005 -13"><span class='ocrx_word' id='word_1_13' title='bbox 248 603 345 629; x_wconf 90' lang='lat' dir='ltr'>cum</span> <span class='ocrx_word' id='word_1_14' title='bbox 381 586 526 643; x_wconf 84' lang='lat' dir='ltr'>granis</span> <span class='ocrx_word' id='word_1_15' title='bbox 566 585 652 627; x_wconf 88' lang='lat' dir='ltr'>suis</span> <span class='ocrx_word' id='word_1_16' title='bbox 686 583 845 626; x_wconf 84' lang='lat' dir='ltr'>ibidem</span> <span class='ocrx_word' id='word_1_17' title='bbox 884 581 1227 624; x_wconf 88' lang='lat' dir='ltr'>molendinandis</span> <span class='ocrx_word' id='word_1_18' title='bbox 1266 584 1308 622; x_wconf 90' lang='lat' dir='ltr'>et</span> <span class='ocrx_word' id='word_1_19' title='bbox 1348 595 1435 622; x_wconf 90' lang='lat' dir='ltr'>non</span> <span class='ocrx_word' id='word_1_20' title='bbox 1476 578 1578 620; x_wconf 86' lang='lat' dir='ltr'>alibi</span> <span class='ocrx_word' id='word_1_21' title='bbox 1621 611 1630 619; x_wconf 90' lang='lat'><strong><em>.</em></strong></span> <span class='ocrx_word' id='word_1_22' title='bbox 1673 577 1735 619; x_wconf 78' lang='lat' dir='ltr'>Et</span> <span class='ocrx_word' id='word_1_23' title='bbox 1774 577 1809 619; x_wconf 88' lang='lat' dir='ltr'>si</span> <span class='ocrx_word' id='word_1_24' title='bbox 1859 577 1955 632; x_wconf 87' lang='lat' dir='ltr'>quis</span> <span class='ocrx_word' id='word_1_25' title='bbox 1993 577 2205 620; x_wconf 88' lang='lat' dir='ltr'>dictorum</span> 
     </span>
     <span class='ocr_line' id='line_1_4' title="bbox 248 669 2205 733; baseline -0.005 -12"><span class='ocrx_word' id='word_1_26' title='bbox 248 679 494 721; x_wconf 83' lang='lat' dir='ltr'>tenencium</span> <span class='ocrx_word' id='word_1_27' title='bbox 547 675 760 733; x_wconf 87' lang='lat' dir='ltr'>[ali]quid</span> <span class='ocrx_word' id='word_1_28' title='bbox 809 674 982 715; x_wconf 83' lang='lat' dir='ltr'>faciantl</span> <span class='ocrx_word' id='word_1_29' title='bbox 1021 672 1280 714; x_wconf 84' lang='lat' dir='ltr'>contrarium</span> <span class='ocrx_word' id='word_1_30' title='bbox 1329 671 1519 713; x_wconf 79' lang='lat' dir='ltr'>incurrat</span> <span class='ocrx_word' id='word_1_31' title='bbox 1581 669 1961 711; x_wconf 82' lang='lat' dir='ltr'>amerciamentum</span> <span class='ocrx_word' id='word_1_32' title='bbox 2021 670 2205 712; x_wconf 90' lang='lat' dir='ltr'>duorum</span> 
     </span>
     <span class='ocr_line' id='line_1_5' title="bbox 250 760 2204 815; baseline -0.007 -2"><span class='ocrx_word' id='word_1_33' title='bbox 250 771 481 813; x_wconf 78' lang='lat' dir='ltr'>solidorum</span> <span class='ocrx_word' id='word_1_34' title='bbox 503 768 618 810; x_wconf 89' lang='lat' dir='ltr'>salvo</span> <span class='ocrx_word' id='word_1_35' title='bbox 639 772 681 808; x_wconf 87' lang='lat' dir='ltr'>et</span> <span class='ocrx_word' id='word_1_36' title='bbox 700 768 912 808; x_wconf 84' lang='lat' dir='ltr'>reservato</span> <span class='ocrx_word' id='word_1_37' title='bbox 932 763 1054 806; x_wconf 88' lang='lat' dir='ltr'>nobis</span> <span class='ocrx_word' id='word_1_38' title='bbox 1075 768 1117 806; x_wconf 90' lang='lat' dir='ltr'>et</span> <span class='ocrx_word' id='word_1_39' title='bbox 1137 762 1364 805; x_wconf 83' lang='lat' dir='ltr'>heredibus</span> <span class='ocrx_word' id='word_1_40' title='bbox 1384 761 1539 803; x_wconf 85' lang='lat' dir='ltr'>nostris</span> <span class='ocrx_word' id='word_1_41' title='bbox 1567 760 1791 802; x_wconf 76' lang='lat' dir='ltr'>dimidiam</span> <span class='ocrx_word' id='word_1_42' title='bbox 1824 765 1990 815; x_wconf 82' lang='lat' dir='ltr'>partem</span> <span class='ocrx_word' id='word_1_43' title='bbox 2011 760 2204 802; x_wconf 90' lang='lat' dir='ltr'>omnium</span> 
     </span>
     <span class='ocr_line' id='line_1_6' title="bbox 251 851 2209 907; baseline -0.006 -3"><span class='ocrx_word' id='word_1_44' title='bbox 251 862 464 904; x_wconf 85' lang='lat' dir='ltr'>dictorum</span> <span class='ocrx_word' id='word_1_45' title='bbox 502 859 928 902; x_wconf 89' lang='lat' dir='ltr'>amerciamentorum</span> <span class='ocrx_word' id='word_1_46' title='bbox 957 855 1071 897; x_wconf 85' lang='lat' dir='ltr'>dicto</span> <span class='ocrx_word' id='word_1_47' title='bbox 1106 855 1289 896; x_wconf 88' lang='lat' dir='ltr'>termino</span> <span class='ocrx_word' id='word_1_48' title='bbox 1320 855 1502 896; x_wconf 78' lang='lat' dir='ltr'>durante</span> <span class='ocrx_word' id='word_1_49' title='bbox 1536 885 1543 894; x_wconf 91' lang='lat'><em>.</em></span> <span class='ocrx_word' id='word_1_50' title='bbox 1577 851 1633 893; x_wconf 92' lang='lat' dir='ltr'>In</span> <span class='ocrx_word' id='word_1_51' title='bbox 1665 851 1789 907; x_wconf 83' lang='lat' dir='ltr'>cujus</span> <span class='ocrx_word' id='word_1_52' title='bbox 1819 851 1881 893; x_wconf 87' lang='lat' dir='ltr'>rei</span> <span class='ocrx_word' id='word_1_53' title='bbox 1914 851 2209 894; x_wconf 86' lang='lat' dir='ltr'>testimonium</span> 
     </span>
     <span class='ocr_line' id='line_1_7' title="bbox 251 947 1238 1002; baseline -0.008 -7"><span class='ocrx_word' id='word_1_54' title='bbox 251 953 328 995; x_wconf 87' lang='lat' dir='ltr'>has</span> <span class='ocrx_word' id='word_1_55' title='bbox 348 953 514 995; x_wconf 80' lang='lat' dir='ltr'>litteras</span> <span class='ocrx_word' id='word_1_56' title='bbox 534 954 699 992; x_wconf 88' lang='lat' dir='ltr'>nostras</span> <span class='ocrx_word' id='word_1_57' title='bbox 719 949 811 991; x_wconf 90' lang='lat' dir='ltr'>fieri</span> <span class='ocrx_word' id='word_1_58' title='bbox 831 947 1011 990; x_wconf 77' lang='lat' dir='ltr'>fecimus</span> <span class='ocrx_word' id='word_1_59' title='bbox 1031 950 1238 1002; x_wconf 83' lang='lat' dir='ltr'>patentes.</span> 
     </span>
    </p>

    <p class='ocr_par' dir='ltr' id='par_1_3' title="bbox 254 1032 2208 1193">
     <span class='ocr_line' id='line_1_8' title="bbox 312 1032 2208 1093; baseline -0.007 -6"><span class='ocrx_word' id='word_1_60' title='bbox 312 1045 477 1087; x_wconf 90' lang='lat' dir='ltr'>Datum</span> <span class='ocrx_word' id='word_1_61' title='bbox 498 1044 545 1085; x_wconf 90' lang='lat' dir='ltr'>in</span> <span class='ocrx_word' id='word_1_62' title='bbox 566 1041 828 1085; x_wconf 78' lang='lat' dir='ltr'>Oanoellario</span> <span class='ocrx_word' id='word_1_63' title='bbox 850 1043 993 1082; x_wconf 88' lang='lat' dir='ltr'>nostro</span> <span class='ocrx_word' id='word_1_64' title='bbox 1014 1040 1066 1081; x_wconf 90' lang='lat' dir='ltr'>de</span> <span class='ocrx_word' id='word_1_65' title='bbox 1087 1037 1330 1080; x_wconf 75' lang='lat' dir='ltr'><strong>KAERDIFF</strong></span> <span class='ocrx_word' id='word_1_66' title='bbox 1353 1036 1431 1079; x_wconf 92' lang='lat' dir='ltr'>sub</span> <span class='ocrx_word' id='word_1_67' title='bbox 1452 1036 1595 1093; x_wconf 88' lang='lat' dir='ltr'>sigillo</span> <span class='ocrx_word' id='word_1_68' title='bbox 1617 1034 1868 1077; x_wconf 79' lang='lat' dir='ltr'>cancellarie</span> <span class='ocrx_word' id='word_1_69' title='bbox 1890 1037 2032 1076; x_wconf 86' lang='lat' dir='ltr'>nostre</span> <span class='ocrx_word' id='word_1_70' title='bbox 2048 1032 2208 1075; x_wconf 86' lang='lat' dir='ltr'>ibidem</span> 
     </span>
     <span class='ocr_line' id='line_1_9' title="bbox 254 1127 1983 1193; baseline -0.007 -14"><span class='ocrx_word' id='word_1_71' title='bbox 254 1136 493 1193; x_wconf 85' lang='lat' dir='ltr'>penultimo</span> <span class='ocrx_word' id='word_1_72' title='bbox 515 1135 584 1177; x_wconf 89' lang='lat' dir='ltr'>die</span> <span class='ocrx_word' id='word_1_73' title='bbox 604 1133 769 1190; x_wconf 84' lang='lat' dir='ltr'>Aprilis</span> <span class='ocrx_word' id='word_1_74' title='bbox 789 1147 902 1174; x_wconf 89' lang='lat' dir='ltr'>anno</span> <span class='ocrx_word' id='word_1_75' title='bbox 922 1131 1046 1187; x_wconf 84' lang='lat' dir='ltr'>regni</span> <span class='ocrx_word' id='word_1_76' title='bbox 1068 1129 1202 1172; x_wconf 87' lang='lat' dir='ltr'>nostri</span> <span class='ocrx_word' id='word_1_77' title='bbox 1222 1135 1316 1184; x_wconf 87' lang='lat' dir='ltr'>post</span> <span class='ocrx_word' id='word_1_78' title='bbox 1338 1133 1616 1183; x_wconf 87' lang='lat' dir='ltr'>conquestum</span> <span class='ocrx_word' id='word_1_79' title='bbox 1637 1127 1800 1168; x_wconf 87' lang='lat' dir='ltr'>decimo</span> <span class='ocrx_word' id='word_1_80' title='bbox 1824 1128 1983 1168; x_wconf 85' lang='lat' dir='ltr'>octavo.</span> 
     </span>
    </p>

    <p class='ocr_par' dir='ltr' id='par_1_4' title="bbox 253 1215 2215 1452">
     <span class='ocr_line' id='line_1_10' title="bbox 310 1215 2209 1277; baseline -0.006 -7"><span class='ocrx_word' id='word_1_81' title='bbox 310 1227 608 1269; x_wconf 84' lang='lat' dir='ltr'>Endorsed-—‘</span> <span class='ocrx_word' id='word_1_82' title='bbox 623 1224 885 1267; x_wconf 84' lang='lat' dir='ltr'>Irrotulatur</span> <span class='ocrx_word' id='word_1_83' title='bbox 898 1223 942 1264; x_wconf 86' lang='lat' dir='ltr'>in</span> <span class='ocrx_word' id='word_1_84' title='bbox 960 1224 1152 1277; x_wconf 88' lang='lat' dir='ltr'>compoto</span> <span class='ocrx_word' id='word_1_85' title='bbox 1171 1220 1333 1262; x_wconf 76' lang='lat' dir='ltr'>Thome</span> <span class='ocrx_word' id='word_1_86' title='bbox 1347 1235 1400 1275; x_wconf 89' lang='lat' dir='ltr'>ap</span> <span class='ocrx_word' id='word_1_87' title='bbox 1420 1218 1630 1274; x_wconf 89' lang='lat' dir='ltr'>Wylliam</span> <span class='ocrx_word' id='word_1_88' title='bbox 1644 1216 1847 1273; x_wconf 78' lang='lat' dir='ltr'>prepositi</span> <span class='ocrx_word' id='word_1_89' title='bbox 1861 1217 1914 1258; x_wconf 91' lang='lat' dir='ltr'>de</span> <span class='ocrx_word' id='word_1_90' title='bbox 1930 1215 2131 1272; x_wconf 82' lang='lat' dir='ltr'>Kenfcge</span> <span class='ocrx_word' id='word_1_91' title='bbox 2148 1229 2209 1258; x_wconf 78' lang='lat' dir='ltr'>vl.</span> 
     </span>
     <span class='ocr_line' id='line_1_11' title="bbox 253 1306 2215 1369; baseline -0.007 -7"><span class='ocrx_word' id='word_1_92' title='bbox 253 1335 393 1362; x_wconf 83' lang='lat' dir='ltr'>coram</span> <span class='ocrx_word' id='word_1_93' title='bbox 434 1318 672 1361; x_wconf 78' lang='lat' dir='ltr'>auditorem</span> <span class='ocrx_word' id='word_1_94' title='bbox 713 1315 875 1357; x_wconf 89' lang='lat' dir='ltr'>domini</span> <span class='ocrx_word' id='word_1_95' title='bbox 921 1313 1034 1369; x_wconf 85' lang='lat' dir='ltr'>regis</span> <span class='ocrx_word' id='word_1_96' title='bbox 1084 1312 1242 1354; x_wconf 87' lang='lat' dir='ltr'>ibidem</span> <span class='ocrx_word' id='word_1_97' title='bbox 1288 1312 1340 1352; x_wconf 87' lang='lat' dir='ltr'>de</span> <span class='ocrx_word' id='word_1_98' title='bbox 1382 1326 1494 1352; x_wconf 81' lang='lat' dir='ltr'>anno</span> <span class='ocrx_word' id='word_1_99' title='bbox 1530 1309 1654 1365; x_wconf 87' lang='lat' dir='ltr'>regni</span> <span class='ocrx_word' id='word_1_100' title='bbox 1696 1308 1831 1365; x_wconf 84' lang='lat' dir='ltr'>Regis</span> <span class='ocrx_word' id='word_1_101' title='bbox 1865 1307 2048 1350; x_wconf 85' lang='lat' dir='ltr'>Henrici</span> <span class='ocrx_word' id='word_1_102' title='bbox 2088 1306 2215 1349; x_wconf 63' lang='lat' dir='ltr'>vuffi-</span> 
     </span>
     <span class='ocr_line' id='line_1_12' title="bbox 257 1408 465 1452; baseline -0.01 0"><span class='ocrx_word' id='word_1_103' title='bbox 257 1409 439 1452; x_wconf 72' lang='lat' dir='ltr'><strong>xxxme·</strong></span> <span class='ocrx_word' id='word_1_104' title='bbox 455 1408 465 1427; x_wconf 91' lang='lat'>&#39;</span> 
     </span>
    </p>
   </div>
   <div class='ocr_carea' id='block_1_3' title="bbox 315 1493 1681 1623">
    <p class='ocr_par' dir='ltr' id='par_1_5' title="bbox 315 1493 1681 1623">
     <span class='ocr_line' id='line_1_13' title="bbox 315 1493 1681 1550; baseline -0.008 -7"><span class='ocrx_word' id='word_1_105' title='bbox 315 1500 488 1542; x_wconf 87' lang='lat' dir='ltr'>Broken</span> <span class='ocrx_word' id='word_1_106' title='bbox 511 1500 597 1541; x_wconf 86' lang='lat' dir='ltr'>seal</span> <span class='ocrx_word' id='word_1_107' title='bbox 618 1499 663 1541; x_wconf 79' lang='lat' dir='ltr'>of</span> <span class='ocrx_word' id='word_1_108' title='bbox 693 1499 766 1540; x_wconf 85' lang='lat' dir='ltr'>the</span> <span class='ocrx_word' id='word_1_109' title='bbox 790 1497 954 1539; x_wconf 73' lang='lat' dir='ltr'>Cardiff</span> <span class='ocrx_word' id='word_1_110' title='bbox 984 1496 1207 1550; x_wconf 85' lang='lat' dir='ltr'>Chaneery</span> <span class='ocrx_word' id='word_1_111' title='bbox 1230 1494 1375 1545; x_wconf 61' lang='lat' dir='ltr'>Coum,</span> <span class='ocrx_word' id='word_1_112' title='bbox 1397 1493 1552 1548; x_wconf 88' lang='lat' dir='ltr'>yellow</span> <span class='ocrx_word' id='word_1_113' title='bbox 1576 1507 1681 1533; x_wconf 77' lang='lat' dir='ltr'>wax.</span> 
     </span>
     <span class='ocr_line' id='line_1_14' title="bbox 1130 1585 1352 1623; baseline -0.005 -9"><span class='ocrx_word' id='word_1_114' title='bbox 1130 1587 1178 1623; x_wconf 64' lang='grc' dir='ltr'>μ)</span> <span class='ocrx_word' id='word_1_115' title='bbox 1205 1587 1268 1621; x_wconf 58' lang='lat' dir='ltr'>sic,</span> <span class='ocrx_word' id='word_1_116' title='bbox 1285 1585 1352 1613; x_wconf 74' lang='lat' dir='ltr'>MS.</span> 
     </span>
    </p>
   </div>
   <div class='ocr_carea' id='block_1_4' title="bbox 1124 1800 1358 1844">
    <p class='ocr_par' dir='ltr' id='par_1_6' title="bbox 1124 1800 1358 1844">
     <span class='ocr_line' id='line_1_15' title="bbox 1124 1800 1358 1844; baseline -0.009 0"><span class='ocrx_word' id='word_1_117' title='bbox 1124 1800 1358 1844; x_wconf 81' lang='lat' dir='ltr'><strong>MDGLX.</strong></span> 
     </span>
    </p>
   </div>
   <div class='ocr_carea' id='block_1_5' title="bbox 261 1905 2223 2232">
    <p class='ocr_par' dir='ltr' id='par_1_7' title="bbox 261 1905 2223 2232">
     <span class='ocr_line' id='line_1_16' title="bbox 261 1905 2221 1959; baseline -0.005 0"><span class='ocrx_word' id='word_1_118' title='bbox 261 1916 422 1959; x_wconf 87' lang='lat' dir='ltr'>GOPY</span> <span class='ocrx_word' id='word_1_119' title='bbox 470 1913 763 1957; x_wconf 80' lang='lat' dir='ltr'><strong>EXTRAOT</strong></span> <span class='ocrx_word' id='word_1_120' title='bbox 794 1912 968 1955; x_wconf 80' lang='lat' dir='ltr'>FROM</span> <span class='ocrx_word' id='word_1_121' title='bbox 1008 1911 1138 1954; x_wconf 80' lang='lat' dir='ltr'>THE</span> <span class='ocrx_word' id='word_1_122' title='bbox 1181 1909 1376 1953; x_wconf 77' lang='lat' dir='ltr'>ROLLS</span> <span class='ocrx_word' id='word_1_123' title='bbox 1430 1907 1637 1950; x_wconf 80' lang='lat' dir='ltr'>ooURT</span> <span class='ocrx_word' id='word_1_124' title='bbox 1676 1907 1755 1949; x_wconf 87' lang='lat' dir='ltr'>OF</span> <span class='ocrx_word' id='word_1_125' title='bbox 1795 1906 1979 1958; x_wconf 84' lang='lat' dir='ltr'><strong>JOHN,</strong></span> <span class='ocrx_word' id='word_1_126' title='bbox 2013 1905 2221 1949; x_wconf 88' lang='grc' dir='ltr'><strong>ΑΒΒΟΤ</strong></span> 
     </span>
     <span class='ocr_line' id='line_1_17' title="bbox 407 1996 2223 2055; baseline -0.006 -6"><span class='ocrx_word' id='word_1_127' title='bbox 407 2007 486 2049; x_wconf 80' lang='lat' dir='ltr'>OF</span> <span class='ocrx_word' id='word_1_128' title='bbox 557 2004 849 2055; x_wconf 79' lang='lat' dir='ltr'>MARGAM,</span> <span class='ocrx_word' id='word_1_129' title='bbox 921 2002 1098 2045; x_wconf 87' lang='lat' dir='ltr'><strong>HELD</strong></span> <span class='ocrx_word' id='word_1_130' title='bbox 1161 2001 1244 2044; x_wconf 82' lang='lat' dir='ltr'>AT</span> <span class='ocrx_word' id='word_1_131' title='bbox 1306 1999 1530 2043; x_wconf 89' lang='lat' dir='ltr'><strong>HAVOD</strong></span> <span class='ocrx_word' id='word_1_132' title='bbox 1600 1997 1827 2050; x_wconf 81' lang='lat' dir='ltr'>PORTH,</span> <span class='ocrx_word' id='word_1_133' title='bbox 1894 1996 2223 2040; x_wconf 85' lang='lat' dir='ltr'>WHEREBY</span> 
     </span>
     <span class='ocr_line' id='line_1_18' title="bbox 410 2088 2223 2141; baseline -0.005 0"><span class='ocrx_word' id='word_1_134' title='bbox 410 2097 698 2141; x_wconf 83' lang='lat' dir='ltr'><strong>LLEYSON</strong></span> <span class='ocrx_word' id='word_1_135' title='bbox 738 2096 821 2138; x_wconf 88' lang='grc' dir='ltr'>ΑΡ</span> <span class='ocrx_word' id='word_1_136' title='bbox 861 2094 1073 2138; x_wconf 88' lang='lat' dir='ltr'><strong>JEUAN</strong></span> <span class='ocrx_word' id='word_1_137' title='bbox 1125 2093 1260 2135; x_wconf 89' lang='lat' dir='ltr'>AND</span> <span class='ocrx_word' id='word_1_138' title='bbox 1303 2091 1549 2134; x_wconf 81' lang='lat' dir='ltr'>OTHERS</span> <span class='ocrx_word' id='word_1_139' title='bbox 1592 2089 1721 2132; x_wconf 75' lang='grc' dir='ltr'>ΑΒΕ</span> <span class='ocrx_word' id='word_1_140' title='bbox 1772 2088 2105 2131; x_wconf 81' lang='lat' dir='ltr'><strong>ADMITTED</strong></span> <span class='ocrx_word' id='word_1_141' title='bbox 2146 2088 2223 2132; x_wconf 87' lang='grc' dir='ltr'>ΤΟ</span> 
     </span>
     <span class='ocr_line' id='line_1_19' title="bbox 411 2185 1239 2232; baseline -0.007 0"><span class='ocrx_word' id='word_1_142' title='bbox 411 2189 588 2232; x_wconf 88' lang='lat' dir='ltr'>LAND</span> <span class='ocrx_word' id='word_1_143' title='bbox 631 2188 713 2231; x_wconf 82' lang='lat' dir='ltr'>AT</span> <span class='ocrx_word' id='word_1_144' title='bbox 755 2187 921 2230; x_wconf 79' lang='lat' dir='ltr'><strong>OOME</strong></span> <span class='ocrx_word' id='word_1_145' title='bbox 963 2185 1239 2228; x_wconf 78' lang='lat' dir='ltr'>KENFYG.</span> 
     </span>
    </p>
   </div>
   <div class='ocr_carea' id='block_1_6' title="bbox 980 2289 2168 2424">
    <p class='ocr_par' dir='ltr' id='par_1_8' title="bbox 980 2289 2168 2424">
     <span class='ocr_line' id='line_1_20' title="bbox 980 2289 1503 2350; baseline -0.01 -14"><span class='ocrx_word' id='word_1_146' title='bbox 980 2293 1212 2350; x_wconf 79' lang='lat' dir='ltr'>[MARGAM</span> <span class='ocrx_word' id='word_1_147' title='bbox 1245 2289 1503 2346; x_wconf 59' lang='lat' dir='ltr'>CHARTER]</span> 
     </span>
     <span class='ocr_line' id='line_1_21' title="bbox 1323 2379 2168 2424; baseline -0.001 0"><span class='ocrx_word' id='word_1_148' title='bbox 1323 2385 1374 2424; x_wconf 78' lang='lat'>15</span> <span class='ocrx_word' id='word_1_149' title='bbox 1407 2381 1529 2423; x_wconf 69' lang='lat' dir='ltr'><strong>MAY.</strong></span> <span class='ocrx_word' id='word_1_150' title='bbox 1597 2383 1646 2422; x_wconf 80' lang='lat'>19</span> <span class='ocrx_word' id='word_1_151' title='bbox 1682 2380 1806 2422; x_wconf 80' lang='lat' dir='ltr'><strong>HEN.</strong></span> <span class='ocrx_word' id='word_1_152' title='bbox 1841 2379 1980 2423; x_wconf 87' lang='lat' dir='ltr'><strong>VIII.</strong></span> <span class='ocrx_word' id='word_1_153' title='bbox 2046 2381 2168 2423; x_wconf 78' lang='lat'>1527.</span> 
     </span>
    </p>
   </div>
   <div class='ocr_carea' id='block_1_7' title="bbox 275 2489 2232 3011">
    <p class='ocr_par' dir='ltr' id='par_1_9' title="bbox 275 2489 2230 2736">
     <span class='ocr_line' id='line_1_22' title="bbox 332 2489 2230 2541; baseline -0.005 0"><span class='ocrx_word' id='word_1_154' title='bbox 332 2499 502 2541; x_wconf 77' lang='lat' dir='ltr'>HAvol)</span> <span class='ocrx_word' id='word_1_155' title='bbox 533 2498 705 2540; x_wconf 54' lang='lat' dir='ltr'>Pom‘n.</span> <span class='ocrx_word' id='word_1_156' title='bbox 783 2495 912 2539; x_wconf 83' lang='lat' dir='ltr'>Curia</span> <span class='ocrx_word' id='word_1_157' title='bbox 942 2495 1105 2536; x_wconf 88' lang='lat' dir='ltr'>domini</span> <span class='ocrx_word' id='word_1_158' title='bbox 1135 2493 1165 2536; x_wconf 87' lang='lat' dir='ltr'>J</span> <span class='ocrx_word' id='word_1_159' title='bbox 1167 2506 1367 2535; x_wconf 80' lang='lat' dir='ltr'>OHANNIS</span> <span class='ocrx_word' id='word_1_160' title='bbox 1403 2490 1568 2533; x_wconf 87' lang='lat' dir='ltr'>abbatis</span> <span class='ocrx_word' id='word_1_161' title='bbox 1598 2491 1651 2531; x_wconf 92' lang='lat' dir='ltr'>de</span> <span class='ocrx_word' id='word_1_162' title='bbox 1686 2489 1888 2531; x_wconf 82' lang='lat' dir='ltr'>MORGAN</span> <span class='ocrx_word' id='word_1_163' title='bbox 1920 2489 2079 2532; x_wconf 90' lang='lat' dir='ltr'>ibidem</span> <span class='ocrx_word' id='word_1_164' title='bbox 2109 2493 2230 2532; x_wconf 88' lang='lat' dir='ltr'>tenta</span> 
     </span>
     <span class='ocr_line' id='line_1_23' title="bbox 275 2581 2226 2647; baseline -0.005 -14"><span class='ocrx_word' id='word_1_165' title='bbox 275 2590 610 2647; x_wconf 89' lang='lat' dir='ltr'>quinto-decimo</span> <span class='ocrx_word' id='word_1_166' title='bbox 641 2588 709 2630; x_wconf 89' lang='lat' dir='ltr'>die</span> <span class='ocrx_word' id='word_1_167' title='bbox 740 2587 850 2629; x_wconf 90' lang='lat' dir='ltr'>Maii</span> <span class='ocrx_word' id='word_1_168' title='bbox 880 2601 992 2628; x_wconf 85' lang='lat' dir='ltr'>anno</span> <span class='ocrx_word' id='word_1_169' title='bbox 1022 2585 1145 2640; x_wconf 88' lang='lat' dir='ltr'>regni</span> <span class='ocrx_word' id='word_1_170' title='bbox 1177 2583 1311 2640; x_wconf 81' lang='lat' dir='ltr'>Regis</span> <span class='ocrx_word' id='word_1_171' title='bbox 1342 2582 1547 2624; x_wconf 74' lang='lat' dir='ltr'>HENmm</span> <span class='ocrx_word' id='word_1_172' title='bbox 1580 2581 1717 2623; x_wconf 85' lang='lat' dir='ltr'>octavi</span> <span class='ocrx_word' id='word_1_173' title='bbox 1749 2581 1911 2622; x_wconf 90' lang='lat' dir='ltr'>decimo</span> <span class='ocrx_word' id='word_1_174' title='bbox 1942 2596 2055 2623; x_wconf 94' lang='lat' dir='ltr'>nono</span> <span class='ocrx_word' id='word_1_175' title='bbox 2086 2596 2226 2623; x_wconf 87' lang='lat' dir='ltr'>coram</span> 
     </span>
     <span class='ocr_line' id='line_1_24' title="bbox 279 2672 1528 2736; baseline -0.009 -12"><span class='ocrx_word' id='word_1_176' title='bbox 279 2681 538 2724; x_wconf 79' lang='lat' dir='ltr'>WILLELMO</span> <span class='ocrx_word' id='word_1_177' title='bbox 559 2696 613 2736; x_wconf 88' lang='lat' dir='ltr'>ap</span> <span class='ocrx_word' id='word_1_178' title='bbox 635 2679 664 2722; x_wconf 87' lang='lat' dir='ltr'><strong>J</strong></span> <span class='ocrx_word' id='word_1_179' title='bbox 667 2693 789 2721; x_wconf 75' lang='lat' dir='ltr'>EUAN</span> <span class='ocrx_word' id='word_1_180' title='bbox 811 2693 865 2734; x_wconf 88' lang='lat' dir='ltr'>ap</span> <span class='ocrx_word' id='word_1_181' title='bbox 887 2677 964 2720; x_wconf 87' lang='grc' dir='ltr'>ΗΟ</span> <span class='ocrx_word' id='word_1_182' title='bbox 984 2680 1088 2719; x_wconf 87' lang='lat' dir='ltr'>tunc</span> <span class='ocrx_word' id='word_1_183' title='bbox 1108 2675 1267 2717; x_wconf 88' lang='lat' dir='ltr'>ibidem</span> <span class='ocrx_word' id='word_1_184' title='bbox 1289 2672 1528 2715; x_wconf 85' lang='lat' dir='ltr'>senescallo.</span> 
     </span>
    </p>

    <p class='ocr_par' dir='ltr' id='par_1_10' title="bbox 278 2761 2232 3011">
     <span class='ocr_line' id='line_1_25' title="bbox 337 2761 2230 2827; baseline -0.005 -12"><span class='ocrx_word' id='word_1_185' title='bbox 337 2773 411 2815; x_wconf 90' lang='lat' dir='ltr'>Ad</span> <span class='ocrx_word' id='word_1_186' title='bbox 441 2787 569 2827; x_wconf 89' lang='lat' dir='ltr'>quam</span> <span class='ocrx_word' id='word_1_187' title='bbox 601 2771 761 2813; x_wconf 90' lang='lat' dir='ltr'>curiam</span> <span class='ocrx_word' id='word_1_188' title='bbox 791 2772 1001 2812; x_wconf 87' lang='lat' dir='ltr'>venerunt</span> <span class='ocrx_word' id='word_1_189' title='bbox 1030 2767 1236 2809; x_wconf 71' lang='lat' dir='ltr'>LLEYsoN</span> <span class='ocrx_word' id='word_1_190' title='bbox 1259 2780 1312 2820; x_wconf 86' lang='lat' dir='ltr'>ap</span> <span class='ocrx_word' id='word_1_191' title='bbox 1343 2764 1498 2807; x_wconf 79' lang='lat' dir='ltr'>JEUAN</span> <span class='ocrx_word' id='word_1_192' title='bbox 1534 2796 1542 2804; x_wconf 91' lang='lat'><strong>.</strong></span> <span class='ocrx_word' id='word_1_193' title='bbox 1577 2762 1607 2805; x_wconf 84' lang='lat' dir='ltr'>J</span> <span class='ocrx_word' id='word_1_194' title='bbox 1610 2776 1755 2804; x_wconf 81' lang='lat' dir='ltr'>ONETA</span> <span class='ocrx_word' id='word_1_195' title='bbox 1785 2762 1874 2804; x_wconf 89' lang='lat' dir='ltr'>filia</span> <span class='ocrx_word' id='word_1_196' title='bbox 1905 2761 2101 2804; x_wconf 64' lang='lat' dir='ltr'>RmARm</span> <span class='ocrx_word' id='word_1_197' title='bbox 2122 2778 2230 2805; x_wconf 85' lang='lat' dir='ltr'>uxor</span> 
     </span>
     <span class='ocr_line' id='line_1_26' title="bbox 278 2853 2230 2921; baseline -0.006 -14"><span class='ocrx_word' id='word_1_198' title='bbox 278 2866 373 2921; x_wconf 85' lang='lat' dir='ltr'>ejus</span> <span class='ocrx_word' id='word_1_199' title='bbox 405 2898 413 2906; x_wconf 93' lang='lat'><strong>.</strong></span> <span class='ocrx_word' id='word_1_200' title='bbox 447 2867 489 2905; x_wconf 90' lang='lat' dir='ltr'>et</span> <span class='ocrx_word' id='word_1_201' title='bbox 518 2863 547 2906; x_wconf 85' lang='lat' dir='ltr'>J</span> <span class='ocrx_word' id='word_1_202' title='bbox 551 2876 760 2905; x_wconf 81' lang='lat' dir='ltr'>OHANNES</span> <span class='ocrx_word' id='word_1_203' title='bbox 790 2861 903 2903; x_wconf 86' lang='lat' dir='ltr'>filius</span> <span class='ocrx_word' id='word_1_204' title='bbox 933 2860 1163 2902; x_wconf 87' lang='lat' dir='ltr'>eorundem</span> <span class='ocrx_word' id='word_1_205' title='bbox 1185 2860 1226 2899; x_wconf 89' lang='lat' dir='ltr'>et</span> <span class='ocrx_word' id='word_1_206' title='bbox 1257 2858 1456 2911; x_wconf 81' lang='lat' dir='ltr'>oeperunt</span> <span class='ocrx_word' id='word_1_207' title='bbox 1487 2855 1540 2896; x_wconf 89' lang='lat' dir='ltr'>de</span> <span class='ocrx_word' id='word_1_208' title='bbox 1571 2854 1684 2895; x_wconf 84' lang='lat' dir='ltr'>dicto</span> <span class='ocrx_word' id='word_1_209' title='bbox 1715 2853 1888 2895; x_wconf 89' lang='lat' dir='ltr'>domino</span> <span class='ocrx_word' id='word_1_210' title='bbox 1918 2853 2070 2896; x_wconf 78' lang='lat' dir='ltr'>abbate</span> <span class='ocrx_word' id='word_1_211' title='bbox 2099 2868 2230 2896; x_wconf 88' lang='lat' dir='ltr'>unam</span> 
     </span>
     <span class='ocr_line' id='line_1_27' title="bbox 280 2943 2232 3011; baseline -0.006 -13"><span class='ocrx_word' id='word_1_212' title='bbox 280 2956 510 3011; x_wconf 86' lang='lat' dir='ltr'>parcellam</span> <span class='ocrx_word' id='word_1_213' title='bbox 548 2959 658 2995; x_wconf 87' lang='lat' dir='ltr'>terre</span> <span class='ocrx_word' id='word_1_214' title='bbox 693 2956 810 2994; x_wconf 83' lang='lat' dir='ltr'>vaste</span> <span class='ocrx_word' id='word_1_215' title='bbox 850 2966 946 2993; x_wconf 90' lang='lat' dir='ltr'>cum</span> <span class='ocrx_word' id='word_1_216' title='bbox 986 2948 1255 3005; x_wconf 86' lang='lat' dir='ltr'>pertinentiis</span> <span class='ocrx_word' id='word_1_217' title='bbox 1295 2947 1496 2988; x_wconf 82' lang='lat' dir='ltr'>situatam</span> <span class='ocrx_word' id='word_1_218' title='bbox 1540 2947 1829 2986; x_wconf 83' lang='lat' dir='ltr'>extraversum</span> <span class='ocrx_word' id='word_1_219' title='bbox 1870 2947 1913 2986; x_wconf 86' lang='lat' dir='ltr'>et</span> <span class='ocrx_word' id='word_1_220' title='bbox 1953 2944 2061 2986; x_wconf 86' lang='lat' dir='ltr'>circa</span> <span class='ocrx_word' id='word_1_221' title='bbox 2105 2943 2232 2987; x_wconf 67' lang='lat' dir='ltr'>Gom</span> 
     </span>
    </p>
   </div>
   <div class='ocr_carea' id='block_1_8' title="bbox 282 3034 2234 3090">
    <p class='ocr_par' dir='ltr' id='par_1_11' title="bbox 282 3034 2234 3090">
     <span class='ocr_line' id='line_1_28' title="bbox 282 3034 2234 3090; baseline -0.006 -2"><span class='ocrx_word' id='word_1_222' title='bbox 282 3047 480 3089; x_wconf 79' lang='lat' dir='ltr'>KENFYG</span> <span class='ocrx_word' id='word_1_223' title='bbox 510 3045 622 3086; x_wconf 88' lang='lat' dir='ltr'>inter</span> <span class='ocrx_word' id='word_1_224' title='bbox 652 3042 887 3085; x_wconf 90' lang='lat' dir='ltr'>dominium</span> <span class='ocrx_word' id='word_1_225' title='bbox 920 3040 1083 3083; x_wconf 91' lang='lat' dir='ltr'>domini</span> <span class='ocrx_word' id='word_1_226' title='bbox 1112 3042 1309 3081; x_wconf 86' lang='lat' dir='ltr'>vocatum</span> <span class='ocrx_word' id='word_1_227' title='bbox 1340 3036 1608 3078; x_wconf 74' lang='lat' dir='ltr'>TERZARLLE</span> <span class='ocrx_word' id='word_1_228' title='bbox 1639 3050 1692 3076; x_wconf 83' lang='lat' dir='ltr'>ex</span> <span class='ocrx_word' id='word_1_229' title='bbox 1722 3037 1842 3090; x_wconf 87' lang='lat' dir='ltr'>parte</span> <span class='ocrx_word' id='word_1_230' title='bbox 1879 3034 2075 3077; x_wconf 82' lang='lat' dir='ltr'>orientali</span> <span class='ocrx_word' id='word_1_231' title='bbox 2104 3040 2146 3077; x_wconf 89' lang='lat' dir='ltr'>et</span> <span class='ocrx_word' id='word_1_232' title='bbox 2175 3034 2234 3077; x_wconf 89' lang='lat' dir='ltr'>sic</span> 
     </span>
    </p>
   </div>
  </div>
 </body>
</html>
