2912 4368
2173 708 2285 748 2315

1269 1095 1507 1140 MDXCV.

397 1205 883 1249 CONFIRMATION
944 1204 1029 1248 BY
1096 1204 1450 1256 ALAITHUR,
1513 1205 1630 1248 SON
1693 1205 1771 1248 OF
1833 1204 2205 1257 YTHENARD,
2267 1204 2342 1247 ΤΟ

540 1297 816 1340 MARGAM
869 1296 1085 1339 ABBEY
1137 1295 1215 1338 OF
1271 1295 1449 1338 LAND
1501 1295 1817 1340 BETWEEN
1866 1296 1997 1338 THE
2038 1295 2341 1339 ENGLISH-

537 1388 723 1430 MfflN's
768 1387 955 1431 WALL
994 1387 1128 1430 AND
1171 1386 1301 1429 THE
1345 1386 1576 1430 WATER
1617 1387 1694 1429 OF
1735 1386 1972 1439 AUENE,
2015 1387 2120 1429 Ero.

1114 1495 1346 1552 [MARGAM
1379 1494 1637 1551 CHARTER]

1688 1586 1846 1628 EARLY
1882 1587 1999 1628 13T11
2031 1586 2262 1629 CENTURY.

453 1695 665 1738 Omnibus
695 1695 850 1737 Sanote
880 1696 1027 1737 matris
1061 1696 1230 1737 ecclesie
1267 1695 1366 1737 filiis
1399 1694 1665 1750 presentibus
1696 1698 1738 1736 et
1764 1694 1922 1736 futuris
1951 1694 2201 1736 ALA1THUR
2237 1693 2350 1735 filius

399 1786 662 1829 YTHENARD
685 1786 879 1827 salutem.

456 1877 607 1919 Sciatis
634 1891 702 1918 me
730 1876 978 1918 conoessisse
1009 1880 1051 1917 et
1083 1875 1246 1917 dedisse
1275 1880 1316 1917 et
1342 1876 1420 1918 hac
1446 1879 1560 1917 carta
1588 1891 1682 1918 mea
1703 1877 1971 1918 confirmasse
2003 1877 2096 1918 Deo
2117 1879 2157 1918 et
2184 1875 2354 1917 eoelesie

399 1968 554 2011 Sancte
575 1968 736 2010 MAmE
759 1968 811 2009 de
838 1967 1041 2008 MARGAN
1077 2000 1084 2007 .
1116 1970 1158 2008 et
1188 1966 1405 2008 monachis
1429 1966 1587 2008 ibidem
1615 1966 1708 2009 Deo
1736 1967 2015 2009 servientibus
2035 1967 2080 2008 in
2107 1972 2356 2022 perpetuam

397 2060 672 2101 elemosinam
700 2062 840 2101 totum
871 2062 1042 2113 pratum
1072 2072 1216 2099 meum
1244 2062 1286 2100 et
1314 2058 1540 2100 mariscum
1568 2073 1710 2100 meum
1744 2058 1817 2114 qui
1848 2058 1961 2113 jacet
1991 2058 2104 2099 inter
2138 2057 2353 2101 WALLUM

398 2150 660 2192 ANGmRUM
694 2154 737 2192 et
767 2165 920 2205 aquam
951 2150 1002 2191 de
1034 2150 1201 2190 AUENE
1234 2153 1275 2191 et
1314 2149 1527 2191 BERCHES
1563 2183 1571 2192 .
1603 2151 1657 2191 ad
1689 2150 1975 2191 claudendum
2006 2149 2162 2191 fossato
2196 2181 2203 2190 .
2234 2153 2276 2191 et
2303 2149 2357 2190 ad

396 2240 643 2283 faciendum
679 2241 778 2282 inde
816 2240 1018 2296 quioquid
1052 2240 1263 2281 voluerint
1304 2272 1313 2281 .
1352 2243 1393 2281 et
1428 2241 1483 2281 ad
1519 2240 1766 2282 habendum
1802 2244 1844 2282 et
1877 2241 2112 2282 tenendum
2147 2239 2278 2282 libere
2314 2242 2357 2281 et

398 2332 540 2387 quiete
563 2336 604 2373 et
634 2332 803 2387 pacifice
835 2332 943 2373 siout
970 2331 1058 2372 ulla
1090 2331 1318 2372 elemosina
1346 2331 1520 2372 liberius
1541 2332 1676 2372 teneri
1698 2334 1835 2387 potest
1861 2364 1869 2373 .
1893 2332 2109 2373 reddendo
2131 2331 2357 2372 annuatim

398 2423 528 2465 miehi
548 2426 589 2464 et
610 2422 836 2464 heredibus
857 2423 961 2464 meis
983 2422 1246 2463 solummodo
1268 2422 1492 2463 dimidiam
1514 2437 1699 2463 maroam
1721 2422 1891 2478 argenti
1914 2455 1924 2464 .
1948 2423 2001 2464 ad
2023 2422 2181 2464 festum
2207 2421 2356 2464 Sancti

402 2514 662 2557 Mummius
686 2548 694 2555 .
718 2529 793 2569 pro
822 2514 938 2555 omni
969 2513 1143 2555 servioio
1174 2546 1181 2554 .
1216 2513 1522 2555 consuetudine
1549 2547 1557 2555 .
1589 2517 1631 2555 et
1659 2514 1879 2555 exaotione
1909 2514 2099 2556 seculari.
2163 2513 2357 2556 Concedo

402 2606 532 2647 etiam
564 2605 622 2647 eis
653 2608 702 2647 ut
732 2605 894 2647 faciant
924 2607 1098 2659 pontem
1128 2603 1372 2659 ubieunque
1414 2604 1629 2646 voluerint
1669 2604 1782 2646 inter
1811 2605 2027 2660 prefatum
2058 2604 2286 2646 marisoum
2319 2607 2360 2645 et

400 2702 557 2739 terram
594 2712 714 2739 suam
755 2697 807 2738 de
839 2696 1020 2738 AUENE.
1103 2695 1161 2737 Et
1203 2710 1282 2751 ego
1323 2699 1365 2737 et
1405 2696 1580 2738 heredes
1620 2698 1702 2737 mei
1746 2696 2116 2738 warantizabimus
2156 2696 2358 2751 predictis

400 2788 618 2830 monachis
654 2787 761 2829 hano
793 2787 1066 2829 elemosinam
1100 2791 1289 2829 nostram
1324 2794 1471 2829 eontra
1504 2802 1648 2828 omnes
1680 2787 1870 2829 homines
1900 2795 1987 2829 tam
2009 2794 2206 2843 parentes
2229 2802 2358 2842 quam

403 2884 627 2921 extraneos
647 2879 975 2934 imperpetuum.

460 2971 563 3012 Hiis
599 2970 779 3012 testibus
817 3004 825 3012 .
867 2969 1073 3013 WALTER
1113 2970 1306 3011 LUUEL.
1348 2970 1502 3012 DAvn)
1544 2969 1749 3012 SCURLAG
1789 3004 1796 3011 .
1836 2970 2077 3012 STEPHANO
2119 2969 2268 3011 elerico
2305 2970 2358 3010 de

403 3061 631 3104 KENEFEG
667 3096 674 3103 .
710 3061 915 3104 RICARno
949 3062 1036 3103 filio
1072 3061 1166 3116 ejus
1201 3095 1208 3103 .
1244 3061 1363 3103 Raso
1393 3060 1515 3103 Gom
1544 3095 1551 3103 .
1583 3061 1840 3103 HERBERTO
1872 3063 1924 3103 de
1951 3062 2117 3102 AUENE
2157 3094 2164 3102 .
2205 3061 2358 3103 DAvm

404 3153 584 3195 Pomm
609 3187 616 3194 .
641 3156 682 3195 et
703 3153 850 3195 multis
871 3152 981 3194 aliis.

461 3244 621 3287 Round
642 3246 742 3297 seal,
765 3259 896 3300 green
916 3258 1024 3295 wax,
1046 3243 1281 3299 imperfect,
1308 3243 1421 3295 lssin.
1445 3243 1574 3286 diam.
1636 3243 1710 3285 An
1732 3243 1998 3286 ornamental
2020 3246 2188 3285 rosette.

865 3339 874 3357 ‘
898 3342 940 3383 -4-
970 3334 1130 3377 smlLL’
1155 3369 1162 3377 .
1188 3349 1215 3376 A
1240 3369 1247 3377 .
1274 3368 1282 3377 .
1308 3369 1315 3377 .
1342 3368 1350 3376 .
1374 3349 1415 3376 v,
1440 3334 1529 3376 FIL'
1552 3368 1561 3376 .
1586 3334 1870 3376 HITENARD1.’
