2425 3423
262 262 374 305 2286

1052 726 1294 771 MDLXV.

203 833 686 877 CONFIRMATION
727 833 814 876 BY
856 833 1139 887 MORGAN,
1182 833 1298 877 SON
1341 835 1419 877 OF
1460 834 1720 886 ORADOO,
1758 835 1833 878 ΤΟ
1868 834 2148 878 MARGAM

344 925 573 978 ABBEY,
617 925 695 967 OF
737 923 948 967 ROGER
989 924 1195 967 OOLE’S
1239 924 1454 968 GRANT
1495 924 1574 968 OF
1616 925 1787 968 FOUR
1828 925 2027 969 AORES
2069 925 2147 969 OF

343 1015 520 1059 LAND
562 1015 644 1059 AT
686 1014 1088 1059 NEWOASTLE.

911 1122 1140 1179 [MARGAM
1174 1123 1432 1180 CHARTER]

257 1232 467 1275 Omnibus
488 1231 644 1274 Sancte
664 1231 835 1273 ecclesie
855 1231 955 1273 filiis
975 1232 1030 1273 ad
1059 1246 1162 1286 quos
1186 1246 1358 1287 presens
1390 1231 1595 1287 scriptum
1624 1232 1866 1287 pervenerit
1891 1232 2149 1274 MORGANUS

198 1323 312 1365 filius
333 1322 530 1365 CRADOCI
554 1322 748 1365 salutem.

254 1413 422 1456 Notum
444 1413 624 1456 facimus
644 1413 914 1456 universitati
936 1419 1072 1456 vestre
1093 1429 1168 1456 nos
1189 1428 1265 1469 pro
1287 1415 1423 1456 salute
1445 1414 1587 1456 anime
1609 1417 1749 1456 nostre
1777 1419 1819 1456 et
1840 1417 2150 1457 antecessorum

196 1508 437 1548 nostrorum
459 1504 707 1547 concessisse
728 1508 770 1547 et
791 1505 978 1560 presenti
999 1510 1116 1547 carta
1137 1509 1281 1546 nostra
1313 1505 1579 1547 confirmasse
1607 1505 1825 1547 monachis
1856 1506 1909 1547 de
1942 1504 2148 1547 MARGAN

196 1596 472 1638 donationem
494 1610 623 1651 quam
647 1595 861 1637 Roamms
882 1595 1000 1637 Gom
1022 1595 1149 1637 homo
1170 1610 1289 1637 meus
1310 1598 1353 1638 et
1374 1596 1559 1638 serviens
1590 1595 1693 1638 fecit
1726 1596 1885 1638 eisdem
1918 1596 1964 1637 in
1997 1610 2150 1651 puram

196 1690 238 1730 et
271 1690 522 1743 perpetuam
550 1690 592 1729 et
624 1686 804 1729 liberam
836 1687 1110 1729 elemosinam
1137 1720 1144 1728 .
1177 1688 1228 1728 de
1262 1686 1395 1729 libera
1431 1691 1544 1729 terra
1579 1702 1654 1729 sua
1687 1687 1800 1742 apud
1834 1687 2007 1729 NOVUM
2044 1686 2149 1729 GAs-

195 1793 377 1821 TELLUM
399 1793 528 1834 quam
550 1778 649 1820 dedi
669 1778 707 1821 ei
728 1793 804 1833 pro
826 1793 900 1820 suo
923 1778 1094 1820 servitio
1118 1810 1126 1819 .
1150 1780 1198 1819 ut
1230 1778 1426 1820 videlicet
1458 1779 1540 1833 ipsi
1572 1778 1769 1820 monachi
1799 1777 1985 1820 habeant
2013 1778 2149 1834 ipsam

193 1873 351 1912 terram
372 1884 501 1925 quam
523 1869 640 1912 dedit
661 1870 721 1912 eis
741 1884 816 1924 pro
840 1902 848 1911 .
873 1883 964 1911 111³.
988 1870 1094 1911 acris
1117 1903 1124 1910 .
1150 1884 1231 1924 que
1251 1869 1395 1925 jacent
1417 1870 1471 1911 ad
1492 1870 1700 1912 orientem
1720 1870 1852 1911 rivuli
1875 1870 1948 1925 qui
1971 1874 2146 1912 vocatur

196 1961 572 2003 HELLENEWILLE
594 1960 753 2002 LACHE
775 1960 966 2015 proxime
987 1963 1096 2001 terre
1127 1961 1179 2001 de
1212 1960 1438 2002 CorrKART
1460 1975 1534 2015 per
1565 1960 1721 2002 divisas
1753 1975 1834 2016 que
1866 1963 1982 2002 carta
2014 1960 2148 2016 ipsius

196 2053 374 2095 Romam
411 2052 683 2095 continentur
722 2052 811 2094 sine
852 2051 969 2093 omni
1011 2051 1181 2093 servitio
1223 2055 1263 2093 et
1297 2052 1474 2093 seculari
1505 2051 1724 2094 exactione
1760 2085 1768 2093 .
1809 2054 1850 2093 et
1881 2051 2075 2093 molestia
2105 2055 2147 2094 et

197 2144 502 2187 consuetudine
525 2176 534 2185 .
558 2146 599 2185 et
620 2158 700 2199 ego
720 2143 857 2198 ipsam
879 2143 1153 2184 donationem
1175 2148 1322 2185 contra
1344 2157 1489 2185 omnes
1511 2142 1705 2184 homines
1726 2142 1970 2184 warantizo.

257 2234 455 2277 Testibus
498 2269 505 2276 .
551 2233 808 2277 WILLELMO
848 2237 951 2275 tunc
993 2233 1209 2275 cellarario
1243 2235 1294 2275 de
1331 2233 1535 2275 MARGAN
1570 2267 1578 2275 .
1613 2233 1878 2276 GODEFRmo
1910 2233 2147 2276 monacho.

204 2325 441 2368 WALTERO
463 2325 669 2380 magistro
690 2325 743 2366 de
774 2324 1028 2366 LANTGEWI
1053 2357 1062 2366 .
1088 2324 1242 2366 HEIAA
1274 2325 1424 2367 clerico
1454 2325 1576 2368 Novx
1610 2325 1827 2368 OAsTELLI
1868 2359 1875 2367 .
1912 2324 2148 2369 WALTERO

198 2416 408 2472 preposito
432 2449 440 2457 .
463 2415 676 2457 MOYSETE
699 2449 707 2457 .
733 2421 774 2457 et
795 2414 961 2456 THOMA
983 2416 1035 2457 de
1057 2414 1187 2457 Novo
1210 2415 1435 2457 CASTELLO
1459 2449 1467 2457 .
1490 2415 1701 2458 JORDANO
1720 2450 1728 2458 .
1749 2421 1790 2458 et
1813 2416 2048 2459 GREGoRio
2071 2451 2079 2458 .
2104 2419 2147 2458 et

203 2507 388 2549 Romano
444 2507 653 2549 conversis
702 2507 753 2548 de
804 2505 1008 2548 MARGAN
1062 2540 1069 2547 .
1124 2506 1244 2549 REso
1284 2506 1372 2549 filio
1413 2506 1524 2549 Rssffl
1576 2507 1629 2549 ab
1666 2506 1902 2550 BLETHER'
1946 2540 1954 2548 .
1993 2507 2148 2549 DAVm

203 2598 394 2640 PUGNEL
418 2631 426 2639 .
450 2597 479 2640 J
482 2611 670 2639 OHANNE
693 2596 808 2638 SORO
830 2630 839 2639 .
864 2599 906 2639 et
927 2597 1021 2639 aliis
1042 2598 1202 2639 multis.

258 2689 417 2731 Round
439 2689 537 2739 seal,
559 2689 632 2730 red
654 2703 762 2739 waX‚
785 2688 830 2731 of
851 2687 1037 2744 Morgan
1059 2704 1113 2744 ap
1136 2688 1310 2740 Cradoc,
1333 2703 1379 2731 as
1400 2688 1631 2731 described.

349 2779 416 2808 The
432 2783 502 2807 text
519 2779 551 2807 of
566 2779 621 2808 the
637 2778 809 2808 document
826 2778 857 2807 in
874 2778 933 2808 No.
950 2778 1085 2808 CCCCL
1101 2778 1128 2807 is
1145 2780 1313 2815 incorrect,
1328 2779 1392 2807 and
1408 2778 1473 2807 this
1489 2779 1605 2808 should
1622 2779 1696 2807 take
1715 2779 1768 2808 the
1784 2779 1874 2816 place
1890 2779 1922 2808 of
1939 2779 1973 2808 it.
