2425 3423
1904 296 2017 338 2267

126 502 372 546 molendino
412 503 465 546 de
500 502 631 546 VAno
667 505 710 545 et
742 501 958 544 ecclesiam
999 501 1051 543 de
1086 499 1411 542 OOLWINESTON
1455 516 1551 544 cum
1587 501 1712 544 terris
1739 506 1781 545 et
1813 502 1986 545 decimis
2015 503 2071 545 ad

124 591 244 635 illam
278 593 568 649 spectantibus
598 608 695 636 cum
725 591 965 647 curtilagio1
997 591 1044 633 in
1075 591 1223 633 eadem
1253 591 1357 633 villa
1389 625 1397 634 .
1432 591 1491 634 Et
1522 592 1724 634 confirmo
1755 593 1925 636 ecclesie
1953 592 2070 636 beati

122 681 381 726 MICHAELIS
421 685 474 727 de
516 684 839 727 OOLWINESTON
879 683 1000 725 illam
1039 685 1197 724 terram
1229 697 1310 738 que
1346 682 1459 738 jacet
1483 683 1595 726 inter
1620 684 1726 726 duas
1751 684 1839 726 vias
1864 699 1916 726 ex
1947 687 2067 740 parte

124 774 300 817 australi
339 775 453 818 ultra
492 778 724 818 torrentem
763 774 1029 817 dividentem
1063 776 1185 829 prata
1217 773 1329 816 dicte
1361 774 1530 816 ecclesie
1562 777 1605 817 et
1636 774 1757 818 illam
1788 777 1945 818 terram
1986 791 2068 832 que

123 863 298 919 quidem
331 867 444 908 terra
475 866 705 922 aliquando
730 865 816 908 fuit
842 864 984 907 ablata
1016 879 1041 907 a
1068 864 1182 907 dicta
1209 864 1381 907 ecclesia
1412 898 1420 908 .
1454 865 1515 908 Et
1550 866 1750 908 confirmo
1782 869 1918 909 totam
1944 867 2065 910 illam

123 953 396 998 elemosinam
418 970 546 1011 quam
566 955 760 998 fecerunt
792 954 1048 998 GILBERTUS
1077 955 1128 997 (16
1155 953 1537 1011 TURBE[R]VILLA
1569 957 1612 998 et
1640 955 1785 998 SIMON
1811 956 1944 999 frater
1970 957 2065 1013 ejus

119 1045 277 1088 scilicet
297 1048 434 1089 totam
454 1050 611 1089 terram
632 1048 684 1089 de
706 1046 1018 1090 CARUALDU0'2
1049 1046 1207 1103 viginti
1227 1049 1410 1102 quatuor
1429 1061 1546 1089 acras
1565 1062 1710 1090 versus
1730 1047 1937 1092 WICHAM
1950 1049 2064 1091 ultra

121 1137 354 1179 torrentem
396 1138 449 1179 de
489 1137 626 1180 ALUN
658 1172 667 1180 .
700 1137 760 1180 Et
795 1138 890 1180 volo
927 1139 1040 1194 quod
1075 1138 1189 1193 prior
1220 1152 1340 1180 meus
1375 1138 1427 1180 de
1460 1138 1626 1180 EWENI
1661 1139 1735 1194 qui
1766 1153 1842 1194 pro
1875 1143 2066 1195 tempore

121 1225 253 1269 fuerit
291 1227 352 1269 ita
383 1227 514 1271 libere
545 1229 758 1284 possideat
785 1228 988 1285 quicquid
1022 1227 1152 1271 habet
1185 1228 1231 1270 in
1255 1232 1367 1271 terra
1398 1244 1493 1271 mea
1527 1229 1634 1272 sicut
1667 1230 1810 1285 aliqua
1845 1231 2065 1274 elimosina

120 1317 273 1360 melius
313 1321 355 1360 et
393 1318 685 1361 honorabilius
717 1322 857 1374 potest
891 1319 1027 1361 teneri
1068 1322 1111 1360 et
1150 1318 1298 1362 haberi
1338 1319 1495 1376 absque
1529 1320 1618 1362 ulla
1653 1321 1894 1363 demaunda
1925 1325 2066 1377 preter

123 1407 332 1450 orationes
375 1441 383 1450 .
427 1409 486 1451 Et
519 1410 614 1452 volo
648 1411 762 1465 quod
794 1410 907 1452 idem
941 1410 1053 1465 prior
1088 1425 1210 1452 suum
1242 1409 1397 1453 habeat
1428 1415 1669 1466 separatum
1693 1427 1768 1468 pro
1796 1427 1838 1454 se
1862 1412 1924 1454 ita
1952 1414 2066 1468 quod

120 1499 265 1541 nullus
293 1500 345 1542 de
378 1500 483 1542 meis
506 1502 788 1544 communicet
808 1502 854 1543 in
875 1504 988 1544 terra
1010 1516 1085 1544 sua
1104 1502 1187 1544 nisi
1209 1503 1261 1545 de
1282 1518 1357 1545 sua
1377 1503 1506 1546 fuerit
1526 1503 1702 1546 licencia
1733 1537 1742 1547 .
1775 1504 1836 1547 Et
1865 1506 2067 1548 confirmo

120 1589 286 1646 prefato
309 1591 438 1646 priori
460 1592 677 1634 ecclesiam
705 1593 756 1635 de
787 1592 1127 1635 EGLUSKEYNOR
1152 1608 1247 1635 cum
1273 1594 1396 1636 terris
1428 1596 1471 1636 et
1498 1595 1671 1638 decimis
1698 1596 1744 1637 in
1778 1611 1949 1639 nemore
1973 1611 2067 1640 meo

121 1681 173 1722 de
216 1679 447 1724 UGGEMOR
481 1716 489 1724 .
521 1682 585 1724 Et
620 1684 759 1739 capiat
792 1682 871 1725 sibi
907 1683 1125 1739 lignorum
1160 1684 1457 1726 sufficienciam
1492 1684 1650 1742 absque
1682 1686 1866 1742 alicujus
1901 1690 2065 1730 contra-

122 1771 308 1814 diccione
347 1807 355 1815 .
391 1772 452 1815 Et
483 1773 831 1829 respondebimus
856 1789 936 1829 ego
972 1776 1013 1816 et
1048 1774 1220 1817 heredes
1244 1775 1329 1818 mei
1360 1790 1436 1831 pro
1469 1776 1582 1818 dicto
1615 1777 1753 1832 priore
1783 1782 1825 1819 et
1857 1778 1943 1820 suis
1975 1782 2066 1821 tam

123 1862 294 1905 domino
316 1863 460 1905 comiti
484 1862 792 1906 GLOUCESTRIE
815 1878 943 1919 quam
971 1864 1066 1907 aliis
1098 1898 1106 1906 .
1140 1864 1207 1908 Eo
1228 1866 1340 1921 quod
1363 1867 1415 1909 de
1445 1881 1551 1922 pura
1572 1870 1689 1910 tenet
1716 1868 1935 1911 elimosina
1955 1871 2068 1912 vnde

123 1953 221 1996 nolo
243 1955 426 1996 eundem
448 1955 664 1997 molestari
685 1955 827 2010 aliquo
850 1956 963 2010 quod
985 1956 1125 1997 valeat
1145 1956 1351 2011 impedire
1384 1991 1391 1999 .
1426 1957 1486 1999 Et
1507 1958 1602 2000 ideo
1622 1957 1722 2000 huic
1742 1961 1855 2001 carte
1876 1959 2068 2016 sigillum

120 2058 263 2086 meum
285 2045 478 2101 apposui.

206 2135 308 2178 Hiis
351 2136 530 2178 testibus
563 2171 571 2179 .
606 2136 792 2179 Domino
835 2136 1025 2179 VEREDo
1075 2136 1373 2180 LANDAVENSI
1420 2139 1612 2195 episcopo
1650 2169 1659 2179 .
1701 2139 1894 2183 VRBANO
1930 2141 2066 2184 archi-

117 2226 293 2269 diacono
316 2261 324 2269 .
349 2227 538 2269 PAGANo
560 2228 612 2269 de
633 2227 811 2271 VETERI
835 2227 1004 2269 CASTRO
1029 2262 1036 2270 .
1063 2227 1275 2270 Romano
1299 2230 1351 2271 de
1373 2228 1644 2273 CANTELUPO
1668 2266 1675 2273 .
1701 2239 1741 2273 et
1763 2233 1868 2275 aliis.

195 2316 226 2352 1)
271 2315 406 2346 Gurtula
435 2316 463 2346 'o
490 2317 558 2346 MS.

178 2316 226 2409 {2)
269 2372 333 2402 For
349 2326 569 2411 Carigiqw}llion
586 2373 740 2411 hundred,
757 2373 810 2403 Co.
828 2374 1051 2411 Oarmarthen,
1067 2378 1147 2404 west
1163 2375 1196 2404 of
1211 2375 1266 2405 the
1283 2375 1384 2405 River
1406 2375 1598 2414 Llwyehwr.
1643 2377 1690 2415 Cf.
1714 2378 1921 2409 Carwathlan
1943 2380 1976 2409 in
1999 2380 2054 2410 the

128 2428 301 2466 preceding
317 2429 456 2459 charter.

178 2482 245 2513 The
261 2483 396 2514 Charter
410 2493 549 2522 appears
571 2484 761 2521 suspicions.
804 2485 872 2514 The
890 2484 1012 2523 Bishop
1032 2485 1059 2514 is
1077 2495 1095 2515 a
1114 2487 1246 2515 witness
1268 2490 1303 2516 to
1325 2496 1342 2515 a
1365 2487 1537 2518 document
1557 2489 1727 2518 addressed
1749 2493 1784 2518 to
1802 2490 1954 2520 himself!
1985 2492 2049 2521 and

128 2538 248 2577 Urban,
264 2540 486 2577 Archdeacon,
501 2540 528 2570 is
544 2544 601 2569 not
617 2540 737 2569 known
752 2540 785 2569 in
801 2540 857 2569 the
875 2541 954 2570 time
977 2542 1009 2570 of
1031 2541 1156 2579 Bishop
1173 2542 1308 2571 Uhtred,
1352 2542 1385 2572 It
1404 2543 1430 2572 is
1450 2544 1533 2573 from
1561 2544 1673 2583 Henry
1696 2544 1813 2574 VIII's
1834 2546 2052 2585 Inspeximus,

128 2595 144 2623 5
161 2594 247 2633 May.
266 2596 339 2624 1516
359 2597 427 2632 (see
443 2596 542 2625 under
558 2596 631 2625 that
647 2596 759 2638 date).-
