2425 3423
319 258 432 300 2316

1108 698 1374 742 MDXOVI.

254 807 469 851 GRANT
521 806 608 849 BY
661 804 1015 856 ALAITHUR,
1071 805 1188 848 SON
1244 805 1323 847 OF
1376 805 1750 857 YTHENARD,
1796 804 1871 848 TO
1924 803 2202 847 MARGAM

586 895 801 940 ABBEY
841 895 919 938 OF
960 895 1069 939 HIS
1109 895 1285 939 LAND
1329 896 1407 938 OF
1447 896 1726 949 PENNUD,
1771 896 1874 938 Ere.

969 1003 1200 1061 [MARGAM
1229 1003 1489 1061 CHARTER.]

1570 1096 1731 1137 EARLY
1765 1097 1881 1137 13T11
1913 1094 2143 1137 CENTURY.

308 1204 519 1248 Omnibus
568 1204 724 1247 Sancte
775 1203 944 1246 ecclesie
995 1203 1095 1245 filiis
1145 1201 1415 1258 presentibus
1459 1206 1500 1245 et
1541 1203 1701 1245 futuris
1744 1237 1751 1245 .
1794 1202 2043 1245 ALAITHUR
2092 1202 2205 1245 filius

248 1297 513 1340 YTHENARD
535 1295 728 1338 salutem.

301 1388 454 1431 Sciatis
481 1402 548 1429 me
576 1386 749 1429 consilio
783 1390 825 1427 et
856 1400 1027 1427 assensu
1058 1389 1285 1441 parentum
1316 1389 1358 1427 et
1393 1385 1625 1427 amicorum
1656 1400 1848 1427 meorum
1879 1385 2127 1427 concessisse
2157 1388 2199 1427 et

244 1479 408 1522 dedisse
444 1478 538 1521 Deo
574 1482 616 1519 et
647 1477 816 1520 ecclesie
849 1476 1002 1519 Sancte
1031 1475 1188 1517 MAROE
1219 1477 1272 1518 de
1303 1475 1507 1518 MARGAN
1546 1512 1554 1518 .
1598 1480 1641 1518 et
1669 1476 1886 1518 monachis
1918 1475 2078 1518 ibidem
2108 1475 2200 1518 Deo

243 1569 523 1613 servientibus
550 1573 686 1611 totam
713 1582 853 1610 meam
878 1570 1042 1622 partem
1063 1570 1173 1608 terre
1195 1567 1246 1609 de
1271 1566 1464 1608 PENNUD
1488 1601 1496 1608 .
1520 1571 1562 1609 et
1590 1581 1684 1609 eam
1715 1567 1909 1609 similiter
1931 1570 2096 1623 partem
2121 1582 2202 1622 que

240 1663 322 1704 fuit
356 1661 584 1704 YERUERD
620 1660 752 1715 patris
790 1660 877 1714 (ἰὸν
919 1659 1079 1711 fratris)
1125 1659 1208 1701 mei
1253 1691 1261 1700 .
1306 1673 1402 1701 cum
1431 1673 1548 1701 mora
1578 1661 1621 1700 et
1653 1658 1774 1700 bosco
1808 1661 1850 1699 et
1880 1657 2075 1700 omnibus
2103 1657 2197 1699 aliis

240 1752 507 1809 pertinentiis
528 1751 614 1793 suis
636 1784 645 1793 .
669 1751 713 1792 in
736 1765 887 1805 puram
909 1759 950 1792 et
972 1754 1219 1805 perpetuam
1242 1749 1514 1792 elemosinam
1547 1752 1595 1791 ut
1624 1749 1811 1792 habeant
1832 1752 1874 1791 et
1905 1752 2083 1791 teneant
2103 1764 2197 1791 eam

243 1844 373 1887 libere
407 1847 449 1885 et
482 1843 623 1898 quiete
654 1841 707 1883 ab
738 1841 854 1883 omni
888 1841 1059 1883 servitio
1080 1844 1123 1882 et
1143 1841 1447 1882 consuetudine
1473 1844 1515 1882 et
1536 1840 1754 1882 exactione
1776 1840 1953 1882 seculari
1977 1840 2084 1882 sicut
2111 1840 2200 1882 ulla

241 1935 468 1978 elemosina
489 1933 663 1975 liberius
683 1931 830 1974 haberi
851 1934 893 1973 et
914 1932 1047 1973 teneri
1068 1934 1218 1986 potest.
1280 1931 1339 1973 Et
1361 1946 1440 1987 ego
1462 1935 1504 1973 et
1525 1930 1700 1973 heredes
1720 1931 1804 1972 mei
1827 1930 2196 1973 warantizabimus

241 2042 334 2068 eam
355 2025 553 2081 predictis
574 2023 791 2066 monachis
812 2026 958 2065 contra
979 2037 1124 2064 omnes
1147 2022 1338 2064 homines
1360 2023 1404 2064 in
1426 2026 1680 2077 perpetuum
1711 2054 1720 2063 .
1757 2021 1815 2064 Et
1835 2022 2056 2064 sciendum
2072 2037 2129 2077 qu
2141 2023 2200 2064 od

243 2132 388 2159 omnes
408 2121 539 2158 terras
560 2130 641 2170 que
664 2118 762 2156 sunt
783 2115 895 2155 inter
916 2113 991 2155 has
1013 2128 1143 2169 aquas
1166 2146 1176 2155 .
1201 2113 1369 2156 AUENE
1401 2113 1557 2155 scilicet
1587 2119 1629 2154 et
1662 2111 1888 2155 KENEFEG
1921 2146 1930 2155 .
1964 2128 2065 2155 nam
2096 2117 2201 2155 sunt

243 2209 358 2251 infra
377 2207 580 2250 terminos
601 2206 886 2262 predictorum
908 2205 1209 2247 monachorum
1233 2237 1242 2247 .
1265 2220 1362 2246 cum
1389 2204 1585 2247 omnibus
1615 2203 1885 2259 pertinentiis
1917 2204 2003 2246 suis
2037 2204 2204 2260 prefate

247 2299 416 2341 ecclesie
437 2298 591 2340 liberas
611 2302 652 2338 et
673 2296 837 2351 quietas
859 2295 912 2337 ab
933 2295 1047 2337 omni
1071 2295 1242 2337 servitio
1265 2295 1444 2337 clamavi
1462 2329 1470 2337 .
1489 2300 1531 2337 et
1553 2309 1621 2337 eas
1637 2293 1834 2349 abjuravi
1852 2294 1897 2336 in
1920 2297 2173 2350 perpetuum
2190 2328 2199 2337 .

302 2388 404 2431 Hiis
425 2387 602 2430 testibus
622 2421 628 2429 .
649 2385 805 2428 Hm»,
826 2386 984 2427 decano
1001 2386 1053 2427 de
1075 2384 1204 2427 Novo
1227 2384 1452 2426 OAerLLo
1476 2418 1485 2426 .
1510 2383 1713 2426 MARGAN
1730 2384 1816 2426 filio
1836 2383 2165 2426 KADEWATLAN
2184 2419 2191 2426 .

257 2482 366 2521 {tEso
395 2478 492 2520 Con
520 2511 528 2518 .
560 2476 817 2519 RUATHLAN
847 2476 935 2518 filio
967 2475 1167 2518 Romarm
1205 2506 1213 2515 .
1246 2475 1485 2518 GAUFRIDO
1511 2475 1597 2516 filio
1628 2473 1859 2517 GNAITURI
1891 2508 1898 2516 .
1932 2474 2094 2517 TUDER
2114 2475 2202 2518 filio

254 2571 436 2613 Rmmm
460 2602 468 2610 .
492 2567 746 2610 HERBERTO
768 2566 990 2608 PALMAR'.

311 2661 481 2702 Broken
504 2659 601 2709 seal‚
624 2658 697 2700 red
719 2673 826 2708 wax,
849 2672 904 2699 an
928 2657 1197 2699 ornamental
1217 2660 1385 2699 rosette.

889 2752 899 2770 ‘
921 2755 962 2796 -Ι-
991 2748 1123 2790 SIGIL'
1155 2763 1288 2790 ALAIT
1311 2782 1524 2790 .......
1548 2746 1683 2789 ARD1.'
