2425 3423
288 289 401 332 2328

1098 487 1313 532 MDOVI.

229 599 735 645 CERTIFIOATORY
777 596 1026 641 LETTER
1072 595 1150 638 OF
1194 593 1487 639 WILLIAM
1521 592 1606 635 DE
1649 590 2012 634 OANTILUPE
2040 587 2180 633 'AND

375 690 621 735 OTHERS
666 690 742 733 TO
787 688 918 732 THE
961 687 1133 730 EARL
1178 687 1257 730 OF
1301 682 1722 735 GLOUGESTER,
1772 680 2180 725 OONOERNING

375 782 579 826 DAVID
630 779 931 824 SOURLAG.

950 877 1181 934 [MARGAM
1214 873 1471 930 CHARTER.]
2002 929 2113 970 1218

289 1038 524 1082 Karissimo
555 1037 726 1080 domino
769 1050 843 1078 suo
876 1068 883 1076 .
918 1033 970 1076 G.
1015 1031 1171 1074 illustri
1201 1030 1347 1073 comiti
1379 1029 1687 1072 GLOUCESTRIE
1720 1061 1730 1073 .
1767 1033 1810 1071 et
1840 1028 2144 1070 HERTFORDIE
2177 1060 2187 1070 .

229 1130 375 1173 fideles
396 1130 461 1172 sui
484 1163 493 1172 .
517 1128 802 1172 WILLELMUS
823 1127 874 1168 de
897 1125 1158 1168 CANTILUPO
1182 1156 1189 1165 .
1214 1121 1499 1166 WILLELMUS
1521 1122 1573 1163 de
1594 1120 1784 1163 SUMERY
1803 1153 1811 1162 .
1831 1123 1873 1162 et
1896 1119 2183 1164 WILLELMUS

229 1222 282 1264 de
304 1221 470 1264 REGNY
493 1254 501 1264 .
526 1220 708 1262 salutem
729 1219 774 1260 in
797 1217 983 1260 domino.

286 1312 545 1354 Mandamus
565 1310 685 1353 vobis
703 1309 750 1351 in
771 1309 855 1351 fide
875 1321 1004 1363 quam
1026 1305 1144 1347 vobis
1164 1304 1367 1347 debemus
1390 1337 1398 1346 .
1422 1307 1464 1346 et
1492 1318 1617 1359 super
1637 1303 1932 1359 juramentum
1953 1306 2149 1344 nostrum
2171 1336 2180 1344 .

228 1405 343 1459 quod
373 1403 529 1445 DAvm
561 1401 767 1443 SCURLAG
798 1399 883 1441 fuit
914 1397 1104 1454 plenarie
1133 1396 1258 1438 etatis
1289 1398 1332 1437 et
1362 1395 1414 1437 de
1444 1397 1556 1436 terra
1587 1410 1663 1436 sua
1694 1394 1862 1436 saisitus
1892 1397 2084 1449 tempore
2105 1406 2189 1448 quo

231 1494 534 1537 convenciones
554 1492 665 1535 facte
687 1491 864 1533 fuerunt
884 1489 1156 1544 interipsum
1189 1490 1230 1529 et
1261 1487 1436 1528 domum
1467 1487 1519 1528 de
1550 1484 1756 1527 MARGAN
1790 1519 1797 1527 .
1832 1486 1884 1527 de
1916 1488 2032 1526 terra
2064 1498 2193 1539 quam

229 1585 382 1628 habuit
402 1585 447 1626 in
468 1584 594 1626 feodo
615 1584 667 1625 de
697 1582 955 1624 LANDGEWI
988 1612 996 1622 .
1030 1582 1072 1620 et
1103 1578 1217 1633 quod
1247 1576 1355 1618 bene
1387 1580 1486 1618 ante
1515 1575 1625 1617 illud
1655 1579 1823 1630 tempus
1854 1574 2076 1630 recognita
2106 1573 2192 1616 fuit

231 1677 370 1720 eidem
393 1675 546 1718 DAvm
569 1680 657 1716 etas
679 1673 818 1716 suain
840 1672 957 1714 curia
978 1671 1030 1712 do
1052 1669 1267 1712 KAERDIF
1292 1702 1299 1710 .
1324 1668 1482 1710 scilieet
1512 1668 1682 1722 quando
1714 1666 1994 1708 diraeionavit
2025 1665 2187 1721 predio-

229 1771 320 1811 tam
353 1771 510 1810 terram
551 1768 696 1808 eontra
745 1764 1039 1806 RmmNnuM
1082 1762 1258 1802 fratrem
1300 1773 1423 1801 suum
1462 1757 1709 1799 bastardum
1753 1791 1761 1798 .
1804 1758 1849 1798 in
1891 1756 2097 1798 comitatu
2137 1756 2189 1798 de

232 1860 449 1903 KAEan
482 1892 490 1901 .
524 1861 566 1901 et
596 1873 671 1913 per
700 1856 912 1913 judicium
942 1854 1135 1910 ejusdem
1167 1852 1279 1894 curie
1311 1851 1505 1892 saisiatus
1536 1851 1620 1892 fuit
1652 1884 1660 1892 .
1694 1854 1737 1892 et
1767 1849 1873 1892 bene
1896 1849 2051 1891 scimus
2072 1850 2186 1904 quod

233 1952 422 2008 predicte
462 1949 765 1993 convenciones
804 1947 916 1989 inter
955 1945 1138 1988 eundem
1181 1944 1335 1985 DAvn)
1378 1976 1385 1984 .
1431 1947 1472 1983 et
1520 1942 1694 1983 domum
1736 1941 1787 1982 de
1828 1939 2037 1982 MARGAN
2079 1940 2191 1982 facte

235 2043 512 2086 racionabiles
534 2045 633 2083 sunt
657 2074 665 2082 .
689 2039 858 2083 Valete2

298 2134 416 2177 Four
436 2133 556 2183 seals,
577 2132 724 2174 brown
746 2146 841 2171 wax
858 2144 927 2171 :—

303 2227 338 2268 1.
402 2225 586 2267 Pointed
604 2223 712 2275 oval,
734 2222 847 2276 lgin.
870 2220 929 2275 by
955 2219 1068 2274 lssin.
1131 2220 1173 2260 A
1195 2232 1295 2259 man
1317 2216 1533 2271 standing,
1551 2216 1706 2257 turned
1727 2223 1771 2257 to
1792 2215 1865 2257 the
1886 2215 2018 2271 right,
2043 2216 2150 2258 with
2171 2232 2196 2259 a

262 2316 470 2372 drinking
492 2330 572 2371 cup
592 2315 639 2357 in
661 2314 727 2356 his
748 2313 877 2355 hand.

735 2408 744 2426 ‘
766 2411 808 2452 -Ι-
848 2417 1060 2445 SIGILLVM
1095 2435 1104 2444 .
1140 2436 1148 2444 .
1183 2435 1191 2443 .
1230 2435 1238 2443 .
1276 2435 1283 2442 .
1320 2415 1333 2441 1
1369 2433 1377 2441 .
1412 2397 1669 2440 PINGERNE.'

680 2495 772 2538 The
794 2509 936 2536 owner
957 2493 1001 2536 of
1031 2493 1117 2536 this
1139 2493 1223 2535 sea]
1244 2492 1279 2533 is
1300 2495 1374 2533 not
1395 2489 1642 2532 mentioned
1662 2488 1708 2530 in
1730 2489 1802 2530 the
1824 2490 1942 2531 deed.

304 2591 343 2632 2.
409 2589 581 2639 Round,
609 2587 720 2642 hgin.
744 2587 888 2637 diam„
911 2600 936 2627 a
957 2585 1107 2627 seeded
1129 2582 1394 2626 fleur-de-lis.

933 2673 1171 2717 ⁶...LM'
1206 2705 1389 2715 .....
1424 2669 1552 2712 L0.'

306 2774 347 2814 3.
410 2771 582 2821 Round‚
608 2769 691 2811 lin.
716 2769 859 2819 diam„
882 2782 907 2808 a
928 2766 1079 2808 seeded
1101 2763 1366 2806 fleur—de-lis.

764 2861 837 2906 6-4-
875 2856 958 2899 sle'
993 2891 1000 2898 .
1037 2890 1045 2898 .
1080 2890 1087 2897 .
1122 2853 1273 2896 w1LL'1
1309 2888 1315 2895 .
1350 2867 1408 2894 DE
1442 2885 1450 2893 .
1484 2865 1647 2893 SVMERI
1687 2850 1723 2891 γ’

314 2952 390 3006 (4.)
455 2951 627 3002 Round,
652 2950 764 3004 1532-in,
788 2948 916 2990 diam.
977 2945 1236 3002 Equestrian
1258 2949 1373 2999 type.

814 3043 823 3061 ‘
841 3070 1024 3081 .....
1058 3050 1178 3078 LELM
1212 3068 1219 3077 .
1255 3068 1263 3076 .
1297 3048 1355 3075 DE
1388 3067 1395 3074 .
1431 3046 1571 3074 ΗΕΘΜ
1606 3031 1644 3073 .’
