2912 4368
486 697 598 738 2342

416 904 605 959 predicto
627 903 755 945 feudo
776 903 831 944 ad
853 917 919 944 me
939 901 1180 956 pertinente
1204 935 1211 942 .
1236 901 1295 943 Et
1317 901 1472 957 viginti
1497 935 1504 943 .
1530 905 1571 943 et
1594 904 1685 943 octo
1707 901 1901 943 denarios
1932 901 1983 942 de
2014 900 2262 943 KILCULUM
2287 935 2295 942 .
2328 906 2370 945 et

414 997 596 1049 quatuor
632 993 827 1035 denarios
861 993 912 1033 de
949 995 1062 1033 terra
1097 990 1430 1033 GILLEMIHHEL
1465 1007 1568 1046 quos
1605 991 1796 1033 solebant
1831 992 2007 1033 reddere
2048 993 2102 1033 ad
2143 993 2367 1048 coquinam

417 1085 580 1127 comitis
623 1118 630 1126 .
667 1083 727 1125 Et
762 1083 977 1125 redditum
1015 1086 1197 1137 quatuor
1245 1082 1476 1124 solidorum
1510 1088 1552 1125 et
1597 1083 1728 1124 trium
1770 1082 1989 1124 obolorum
2030 1097 2134 1137 quos
2176 1083 2368 1126 solebant

419 1176 644 1218 annuatim
664 1176 838 1217 reddere
860 1175 913 1215 de
933 1176 1045 1215 terra
1067 1172 1229 1214 YOUAF
1252 1172 1494 1214 TROITKAM
1515 1173 1641 1229 juxta
1665 1173 1811 1214 CATTE
1835 1187 1963 1214 PITTE
1987 1207 1995 1215 .
2020 1174 2081 1215 Et
2101 1175 2153 1216 de
2175 1174 2370 1216 omnibus

413 1267 668 1308 tenementis
699 1281 780 1321 que
803 1264 957 1320 prefati
989 1264 1184 1305 monachi
1216 1268 1364 1305 tenent
1384 1267 1525 1306 totum
1546 1264 1803 1305 forinsecum
1833 1264 2056 1305 servicium
2083 1265 2196 1319 quod
2219 1265 2273 1306 ad
2303 1279 2370 1307 me

416 1359 482 1400 vel
513 1359 567 1399 ad
599 1358 771 1399 heredes
802 1370 916 1398 meos
946 1355 1132 1410 pertinet
1153 1355 1239 1396 sive
1262 1355 1315 1396 sit
1337 1355 1558 1396 servicium
1580 1355 1729 1396 militis
1760 1355 1847 1396 sive
1871 1356 2080 1396 venatoris
2104 1355 2168 1396 vel
2197 1355 2372 1397 alterius

422 1448 651 1504 cujuslibet
683 1447 903 1490 servientis
946 1480 954 1488 .
998 1449 1085 1487 sive
1126 1446 1259 1487 eciam
1296 1446 1518 1487 servicium
1550 1446 1727 1501 coquine
1771 1480 1778 1486 .
1822 1461 1894 1487 seu
1936 1447 2218 1500 quodcunque
2258 1446 2377 1488 aliud

420 1540 676 1581 forinsecum
710 1538 932 1580 servicium
980 1538 1034 1578 ad
1074 1551 1141 1578 me
1177 1537 1405 1591 pertinens,
1451 1540 1590 1578 totum
1633 1537 1740 1577 illud
1792 1537 2013 1578 servicium
2060 1538 2158 1578 dedi
2215 1537 2373 1579 eisdem

413 1631 630 1673 monachis
651 1631 695 1672 in
717 1633 966 1685 perpetuam
989 1628 1261 1669 elemosinam
1294 1632 1334 1669 et
1364 1628 1532 1682 quitum
1564 1628 1742 1669 clamavi
1768 1634 1908 1682 preter
1939 1627 2161 1669 dimidiam
2182 1641 2367 1670 marcam

420 1723 472 1763 de
504 1722 728 1763 LANGEWI
754 1754 761 1762 .
788 1720 846 1762 Et
871 1724 1006 1762 totam
1039 1733 1306 1761 communam
1330 1723 1501 1773 pasture
1523 1719 1567 1759 in
1590 1722 1678 1760 toto
1711 1719 1885 1760 marisco
1916 1734 2009 1760 meo
2032 1720 2085 1760 ad
2115 1720 2375 1761 occidentem

420 1814 473 1854 de
502 1812 687 1854 Kfflnur
715 1812 826 1853 inter
856 1810 988 1852 THAF
1019 1814 1061 1851 et
1094 1809 1234 1860 ELEY,
1258 1809 1439 1850 concessi
1471 1814 1512 1850 et
1543 1810 1640 1850 dedi
1672 1809 1794 1850 dictis
1826 1809 2042 1851 monachis
2064 1810 2373 1865 imperpetuam

418 1904 692 1945 elemosinam
734 1903 950 1944 reddendo
993 1902 1092 1942 inde
1135 1901 1359 1941 annuatim
1400 1900 1528 1941 michi
1579 1905 1622 1941 et
1662 1900 1887 1942 heredibus
1930 1901 2032 1942 meis
2074 1916 2147 1955 pro
2189 1901 2371 1956 singulis

420 1996 628 2051 capitibus
663 1995 901 2037 averiorum
936 2007 1108 2034 sucrum
1141 1997 1350 2046 quantum
1387 1991 1618 2047 burgenses
1659 1993 1709 2033 de
1754 1992 1936 2033 KARDIF
1973 1993 2148 2033 reddere
2185 1991 2376 2034 solebant

416 2103 491 2143 pro
542 2087 722 2142 singulis
772 2085 980 2140 capitibus
1032 2083 1271 2125 averiorum
1313 2083 1357 2123 in
1409 2083 1598 2137 predicto
1647 2083 1822 2124 marisco
1864 2083 2128 2138 pascentium
2180 2087 2369 2138 tempore

424 2177 667 2221 WILLELMI
692 2177 856 2219 comitis
882 2176 1165 2217 GLOVERNIE.

475 2270 672 2311 Preterea
703 2267 884 2309 concessi
915 2271 957 2308 et
988 2266 1233 2308 confirmavi
1266 2266 1463 2320 predictis
1494 2266 1709 2307 monachis
1744 2280 1887 2307 omnes
1919 2266 2168 2307 donationes
2199 2270 2241 2307 et
2272 2281 2368 2308 con-

418 2361 677 2404 firmationes
726 2367 1035 2401 antecessorum
1082 2373 1271 2399 meorum
1314 2392 1321 2398 .
1366 2363 1406 2400 et
1460 2373 1603 2399 omnes
1653 2358 1901 2398 donationes
1942 2366 1982 2398 et
2032 2357 2369 2400 confirmationes

417 2452 647 2494 liberorum
668 2450 891 2492 hominum
912 2463 1102 2491 meorum
1119 2448 1224 2490 sicut
1246 2452 1357 2490 carte
1374 2449 1544 2489 illorum
1567 2452 1777 2489 testantur
1801 2482 1807 2489 .
1834 2447 1990 2488 scilicet
2010 2455 2164 2489 terram
2181 2447 2368 2489 STURMY

421 2558 517 2585 cum
559 2541 753 2584 omnibus
796 2540 1067 2595 pertinentiis
1114 2540 1199 2581 suis
1242 2574 1249 2580 .
1294 2539 1353 2581 Et
1395 2539 1595 2594 quicquid
1639 2539 1796 2580 habent
1838 2553 1889 2579 ex
1932 2539 2042 2580 dono
2087 2538 2367 2580 GILLEBERTI

420 2635 647 2678 GRAMMUS
669 2639 710 2675 et
732 2633 916 2675 filiorum
939 2631 1031 2686 ejus
1055 2665 1062 2672 .
1088 2631 1148 2672 Et
1169 2631 1371 2686 quicquid
1392 2631 1549 2672 habent
1568 2646 1618 2671 ex
1633 2631 1743 2672 dono
1765 2630 2042 2685 burgensium
2065 2631 2117 2671 de
2140 2629 2367 2672 KENEFEG

420 2731 462 2769 et
483 2726 711 2768 liberorum
733 2724 955 2765 hominum
977 2723 1022 2763 in
1044 2723 1191 2764 eadem
1213 2722 1314 2763 villa
1337 2722 1403 2763 vel
1426 2725 1545 2763 extra
1566 2722 1611 2762 in
1634 2721 1762 2763 feudo
1792 2722 1842 2762 de
1865 2719 2091 2762 KENEFEG
2115 2755 2121 2762 .
2150 2721 2210 2762 Et
2231 2726 2369 2763 totum

419 2819 598 2860 feudum
619 2818 670 2859 de
692 2816 918 2857 LANGEWI
945 2830 996 2855 ex
1019 2815 1129 2855 donc
1152 2814 1306 2855 DAvm
1329 2812 1534 2854 SCURLAG
1558 2818 1597 2854 et
1621 2812 1882 2853 concessione
1912 2811 2141 2853 NICHOLAI
2174 2812 2325 2854 PoYNz
2358 2846 2366 2854 .

417 2909 476 2951 Et
513 2908 713 2963 quicquid
750 2906 907 2948 habent
942 2921 993 2947 ex
1027 2906 1138 2946 dono
1174 2904 1353 2946 PAGAm
1390 2905 1442 2946 de
1477 2902 1759 2945 TURBERVIL’
1805 2937 1812 2943 .
1852 2908 1892 2944 et
1942 2904 2144 2945 heredum
2185 2903 2279 2958 ejus
2319 2903 2364 2944 in

420 2999 664 3041 KOICKARK
697 3032 704 3039 .
739 2997 799 3038 Et
830 3012 881 3038 ex
913 2998 1024 3038 dono
1057 2995 1331 3037 HEREBERTI
1364 3003 1405 3037 et
1437 2995 1621 3036 filiorum
1653 2994 1746 3049 ejus
1778 2993 2002 3035 KYLCULM
2038 3029 2045 3036 .
2086 2994 2144 3036 Et
2175 3010 2226 3036 ex
2258 2996 2367 3036 dono

418 3091 637 3132 MORGANI
660 3090 737 3130 filii
759 3089 920 3131 OwEm
944 3087 1263 3129 HAVEDHALOC
1302 3120 1310 3128 .
1349 3086 1408 3128 Et
1430 3086 1631 3141 quicquid
1660 3085 1819 3127 habent
1841 3101 1893 3127 ex
1915 3086 2024 3127 dono
2046 3085 2267 3127 MORGANI
2290 3085 2366 3127 filii

421 3181 614 3223 CRADOCI
639 3184 680 3222 et
701 3180 904 3222 heredum
927 3179 1020 3234 ejus
1044 3212 1052 3220 .
1078 3182 1119 3220 et
1141 3178 1371 3220 liberorum
1402 3177 1624 3219 hominum
1656 3191 1827 3218 sucrum
1858 3177 1902 3217 in
1933 3177 2108 3218 marisco
2130 3177 2182 3217 de
2203 3178 2371 3218 AUENA

416 3276 458 3313 et
480 3272 704 3313 BERHHEs
726 3274 767 3311 et
790 3271 1042 3312 Rossonmz
1067 3301 1075 3313 .
1105 3269 1165 3310 Et
1187 3283 1455 3310 communam
1486 3272 1703 3322 pasturam
1734 3267 1846 3308 inter
1879 3267 2085 3308 AUENAM
2117 3271 2158 3308 et
2189 3266 2326 3309 Nam
2358 3299 2366 3308 .

420 3362 479 3403 Et
500 3366 655 3403 terram
677 3377 756 3417 que
779 3362 1017 3416 appellatur
1045 3360 1283 3402 PULTiMOR
1307 3394 1313 3401 .
1339 3364 1379 3401 et
1402 3359 1595 3414 ejusdem
1617 3363 1726 3401 terre
1748 3358 2004 3400 forinsecum
2027 3359 2251 3400 servicium
2272 3358 2369 3400 dedi

419 3457 461 3494 et
482 3453 669 3494 relaxavi
692 3453 749 3493 eis
770 3453 1082 3507 imperpetuam
1105 3451 1381 3493 elemosinam
1406 3484 1413 3491 .
1438 3450 1499 3492 Et
1531 3465 1583 3491 ex
1615 3451 1725 3492 dono
1757 3449 2006 3492 WILLELMI
2039 3450 2090 3491 de
2123 3448 2372 3490 Loxnomm
