2425 3423
329 263 443 304 2380

1105 465 1410 510 MDGXLVI.

274 558 491 603 GRANT
530 557 617 601 BY
653 556 755 600 SIR
789 555 1081 600 RIOHARD
1119 556 1205 599 DE
1241 555 1708 607 TURBERVILLE,
1747 553 1907 607 KNT„
1945 553 2113 596 LORD
2149 553 2229 596 OF

419 640 661 692 OOYTIF,
728 639 805 682 ΤΟ
885 638 1016 681 THE
1105 639 1321 682 MONKs
1388 639 1466 681 OF
1539 638 1830 689 MARGAM,
1902 636 1981 679 OF
2062 636 2229 679 FREE

414 722 705 766 PASTURE
747 721 832 765 ΟΝ
872 721 958 764 LA
998 721 1216 764 RUGGE
1258 721 1506 764 OALLED
1554 719 1776 763 KEVEN
1819 719 2111 772 ORIBOUR,
2154 719 2228 762 IN

416 806 548 849 THE
589 804 713 847 FEE
751 804 829 848 OF
873 803 1274 855 NEWGASTLE,
1319 803 1440 846 FOR
1483 802 1725 846 CATTLE
1776 802 1854 845 OF
1901 801 2231 846 LANGEWY

413 889 548 932 AND
617 886 878 931 STURMY
948 886 1254 938 GRANGES,
1324 886 1397 929 IN
1468 885 1731 929 RETURN
1811 885 1934 928 FOR
2024 885 2227 930 THEIR

415 970 816 1014 SUPPORTING
858 970 901 1012 A
942 969 1273 1012 OHAPLAIN
1310 969 1392 1011 AT
1429 968 1512 1011 ST.
1556 968 1741 1011 MARY
1781 968 2228 1012 MAGDALENE’S

412 1053 626 1097 ALTAR
666 1053 738 1096 IN
779 1052 1057 1096 MARGAM
1098 1050 1365 1094 OHURGH
1403 1050 1479 1094 ΤΟ
1516 1050 1888 1093 GELEBRATE
1928 1051 2227 1095 SERVIOES

416 1136 538 1179 FOR
574 1135 716 1188 HIM,
748 1135 883 1178 AND
918 1134 1136 1178 ENTRY
1174 1133 1251 1176 OF
1284 1133 1390 1177 HIS
1422 1133 1605 1176 NAME
1637 1133 1788 1176 INTO
1826 1133 2028 1176 THEIR
2059 1134 2227 1178 BOOK

414 1220 492 1263 OF
523 1217 880 1270 FOUNDERS,
914 1218 1018 1260 ETc.

992 1308 1223 1366 [MARGAM
1256 1307 1512 1363 CHARTER.]

1261 1391 1283 1432 1
1316 1389 1582 1432 DECEMBER.
1645 1391 1701 1432 34
1731 1390 1858 1432 Enw.
1892 1389 1983 1433 ΠΙ.
2048 1392 2172 1434 1360.

329 1486 425 1529 Hec
445 1486 677 1528 indentura
699 1484 814 1526 facta
836 1484 950 1539 apud
982 1484 1021 1525 le
1054 1481 1234 1532 ΟοΥΤΙΡ,
1257 1481 1394 1536 primo
1416 1482 1484 1523 die
1515 1481 1781 1523 DECEMBRls
1812 1497 1925 1524 anno
1951 1482 2074 1539 regni
2098 1483 2230 1540 Regis

272 1578 500 1621 EDWARDI
530 1576 652 1618 tercii
683 1579 778 1631 post
810 1578 1088 1630 conquestum
1119 1573 1330 1615 tricesimo
1353 1574 1504 1627 quarto
1535 1572 1646 1613 inter
1677 1572 1924 1614 RICARDUM
1945 1574 1998 1615 de
2019 1573 2228 1617 TURBER-

275 1684 408 1712 v1LLA
440 1668 622 1710 militem
651 1667 878 1709 dominum
899 1667 951 1708 de
973 1665 1139 1708 Covrm
1161 1680 1213 1706 ex
1243 1668 1363 1720 parte
1384 1679 1471 1705 una
1502 1667 1545 1705 et
1573 1663 1792 1719 religiosos
1822 1664 1933 1706 viros
1963 1664 2160 1708 abbatem
2191 1670 2234 1709 et

273 1764 529 1804 conventum
569 1758 815 1801 monasterii
856 1757 978 1799 beate
1019 1756 1180 1798 MARIE
1225 1757 1277 1797 de
1330 1755 1536 1797 MARGAN
1578 1770 1630 1796 ex
1671 1755 1806 1796 altera
1844 1758 2025 1798 testatur
2067 1791 2075 1799 .
2119 1759 2233 1813 quod

272 1852 486 1910 predictus
531 1850 762 1892 RmARous
804 1848 1006 1891 concessit
1052 1862 1128 1903 pro
1171 1862 1214 1889 se
1255 1850 1296 1888 et
1346 1845 1572 1888 heredibus
1622 1846 1707 1888 suis
1748 1856 1789 1887 et
1837 1847 2063 1903 assignatis
2113 1850 2227 1904 quod

274 1943 454 2000 predicti
503 1942 585 1983 viri
633 1940 820 1996 religiosi
865 1943 907 1981 et
957 1954 1102 1981 eorum
1153 1952 1405 1980 successores
1454 1937 1768 1992 imperpetuum
1808 1936 2010 1979 habeant1
2053 1938 2231 1983 liberam

274 2041 492 2093 pasturam
533 2048 658 2089 super
697 2032 929 2088 seperalem
966 2037 1185 2086 pasturam
1217 2046 1337 2072 suam
1369 2031 1421 2072 de
1453 2030 1494 2071 la
1525 2029 1690 2071 RUGGE
1733 2043 1815 2084 que
1855 2033 2029 2072 vocatur
2063 2031 2230 2074 KEVEN

278 2127 482 2170 ORIBOUR
503 2125 549 2166 in
570 2124 695 2166 feodo
717 2124 769 2165 de
791 2122 922 2165 Novo
945 2122 1116 2164 CASTRO
1138 2136 1234 2163 cum
1261 2121 1394 2163 libero
1415 2120 1609 2176 ingressu
1629 2123 1672 2161 et
1693 2134 1863 2175 egressu
1893 2121 1949 2162 ad
1978 2123 2157 2165 eandem
2178 2125 2233 2166 ad

278 2221 439 2261 certum
481 2230 708 2258 numerum
743 2214 981 2256 averiorum
1018 2213 1215 2255 videlicet
1255 2213 1310 2254 ad
1351 2210 1666 2267 quinquaginta
1706 2210 1832 2253 boves
1867 2212 2047 2267 triginta
2086 2228 2232 2257 vaccas

275 2308 561 2366 quadraginta
599 2306 815 2349 boviculos
856 2309 897 2347 et
946 2305 1150 2360 juvencas
1191 2319 1287 2346 cum
1323 2318 1408 2345 uno
1448 2302 1581 2344 flocko
1621 2302 1766 2343 ovium
1806 2304 2069 2346 morancium
2110 2307 2225 2360 apud

279 2400 506 2458 grangiam
527 2400 580 2440 de
611 2398 846 2440 LANGEWY
878 2400 921 2439 et
951 2396 1084 2439 eciam
1115 2397 1169 2438 ad
1200 2395 1423 2451 sexaginta
1453 2393 1595 2435 averia
1623 2395 1712 2435 tam
1742 2392 1947 2436 bovorum
1981 2395 2068 2450 (sic)
2103 2412 2232 2452 quam

280 2505 503 2535 vaccarum
554 2492 596 2532 et
636 2489 869 2530 vitulorum
909 2503 1005 2530 cum
1056 2501 1141 2529 uno
1192 2486 1326 2528 flocko
1377 2484 1521 2527 ovium
1561 2483 1823 2525 moranoium
1873 2484 1919 2526 in
1959 2487 2141 2543 grangia
2180 2489 2233 2530 de

279 2583 492 2626 STOURMY
541 2583 584 2622 et
633 2579 712 2621 hoc
762 2578 944 2634 singulis
978 2576 1240 2632 temporibus
1279 2575 1382 2617 anni
1432 2574 1522 2616 sine
1568 2573 1874 2628 impedimento
1920 2575 1987 2617 vel
2036 2577 2230 2620 molestia

277 2672 477 2730 predictis
536 2670 638 2712 viris
696 2669 905 2725 religiosis
955 2668 1021 2710 vel
1082 2682 1228 2710 eorum
1288 2664 1591 2708 successoribus
1640 2663 1865 2706 inferenda
1924 2680 1999 2720 per
2048 2668 2231 2711 eundem

278 2764 525 2806 RICARDUM
558 2761 733 2803 heredes
765 2760 831 2801 vel
863 2760 1099 2814 assignatos
1134 2773 1229 2800 suos
1250 2757 1296 2798 in
1329 2758 1545 2811 posterum
1579 2788 1586 2796 .
1622 2754 1682 2796 Et
1718 2755 1897 2809 predicti
1929 2756 2010 2798 viri
2045 2758 2232 2814 religiosi

277 2854 570 2898 concesserunt
590 2866 665 2907 pro
687 2866 728 2893 se
751 2853 791 2892 et
813 2849 1115 2892 successoribus
1136 2849 1221 2890 suis
1241 2848 1355 2903 quod
1374 2846 1456 2901 ipsi
1477 2848 1519 2888 et
1539 2860 1686 2887 eorum
1707 2859 1958 2888 successores
1977 2847 2169 2891 invenire
2189 2854 2232 2892 et

275 2946 511 2988 sustentare
547 2944 776 2984 teneantur
812 2941 1129 2996 imperpetuum
1160 2953 1295 2981 unum
1325 2937 1592 2992 capellanum
1623 2935 1878 2978 monachum
1907 2937 1974 2978 vel
2001 2939 2232 2983 secularem

275 3035 422 3079 divina
463 3032 744 3075 celebrantem
787 3031 941 3073 cotidie
982 3032 1036 3072 ad
1087 3030 1220 3072 altare
1262 3028 1381 3070 beate
1424 3026 1583 3068 Mum:
1635 3025 1928 3068 MAGDALENE
1969 3028 2015 3069 in
2060 3030 2231 3073 ecclesia
