2425 3423
2020 275 2133 317 2283

1092 874 1342 918 MDLXII.

245 989 458 1034 GRANT
499 988 586 1031 BY
627 986 907 1037 MORGAN‚
944 983 1060 1028 SON
1102 983 1179 1026 OF
1222 981 1481 1033 ORADOO‚
1524 982 1600 1025 TO
1640 982 2187 1038 MARGAMssgABBEK

391 1080 468 1122 OF
510 1077 773 1122 COMMON
815 1076 892 1119 OF
933 1074 1220 1118 PASTURE
1262 1074 1347 1116 ΟΝ
1388 1073 1517 1116 THE
1559 1073 1715 1116 EAST
1757 1073 1899 1116 SIDE
1942 1074 2019 1117 OF
2060 1074 2190 1117 THE

392 1169 591 1213 RIVER
632 1168 824 1220 NETH,
865 1167 969 1209 Ero.

964 1257 1193 1314 [MARGAM
1226 1255 1480 1312 CHARTER.]

790 1349 1046 1390 MORGANUS
1077 1362 1135 1389 DE
1167 1346 1387 1389 COMMUNI
1419 1346 1639 1390 PASTURA.

305 1457 530 1500 Universis
552 1472 582 1499 s.
607 1472 641 1499 e.
665 1456 696 1498 f.
720 1471 759 1511 p.
784 1459 825 1498 et
847 1455 877 1497 f.
901 1454 1158 1497 MORGANUS
1179 1454 1292 1496 filius
1315 1454 1510 1496 CRADOCI
1532 1454 1727 1496 salutem.

306 1546 457 1589 Sciatis
478 1547 591 1602 quod
612 1561 691 1602 ego
713 1545 886 1588 consilio
909 1548 950 1586 et
971 1559 1175 1586 consensu
1196 1544 1400 1585 heredum
1422 1547 1464 1585 et
1484 1544 1716 1586 amicorum
1737 1559 1929 1586 meorum
1950 1544 2132 1587 concessi
2154 1547 2196 1586 et

252 1637 352 1680 dedi
382 1642 424 1679 et
454 1637 533 1678 hac
564 1640 679 1678 carta
710 1635 954 1678 confirmavi
988 1667 1171 1676 .....
1206 1633 1279 1689 qui
1309 1633 1468 1675 ibidem
1498 1634 1592 1676 Deo
1623 1635 1814 1676 serviunt
1846 1635 1891 1677 in
1925 1635 2198 1676 elemosinam

251 1742 519 1770 communem
550 1731 768 1782 pasturam
790 1727 923 1768 tocius
943 1729 1052 1768 terre
1074 1739 1166 1767 mee
1188 1741 1239 1766 ex
1261 1725 1475 1780 hestparte
1496 1726 1548 1766 de
1573 1725 1712 1768 NEHT
1742 1728 1952 1780 quantum
1973 1728 2085 1767 terra
2106 1740 2200 1767 mea

253 1819 379 1861 durat
399 1819 445 1860 in
466 1819 647 1874 longum
678 1822 718 1859 et
749 1818 885 1859 latum
918 1851 926 1858 .
960 1816 1117 1871 ubique
1149 1818 1191 1857 et
1220 1816 1266 1857 in
1296 1815 1419 1857 bosco
1441 1818 1482 1857 et
1502 1816 1548 1857 in
1579 1816 1708 1871 plano
1738 1817 1793 1858 ad
1826 1850 1834 1858 .
1870 1850 1878 1858 .
1914 1851 1921 1858 .
1958 1850 1965 1858 .
1999 1816 2130 1858 libere
2159 1820 2200 1858 et

254 1912 396 1968 quiete
418 1909 470 1952 ab
493 1911 610 1952 omni
632 1909 804 1951 servicio
825 1912 867 1950 et
888 1907 1192 1950 consuetudine
1214 1909 1256 1948 et
1277 1906 1495 1948 exactione
1516 1907 1694 1948 seculari
1715 1907 1823 1949 sicut
1854 1907 1942 1948 ulla
1972 1908 2202 1949 elemosina

252 2002 426 2044 liberius
476 2000 625 2042 haberi
675 2004 718 2042 et
765 1999 901 2042 teneri
951 2002 1101 2053 potest.
1197 1996 1268 2038 Ita
1309 1997 1422 2051 quod
1471 2011 1691 2052 nunquam
1741 1998 2015 2040 admittemus
2065 2011 2203 2052 neque

255 2107 334 2148 ego
355 2106 492 2146 neque
522 2091 696 2133 heredes
726 2091 811 2132 mei
842 2090 959 2145 aliqu
994 2121 1175 2131 .....
1209 2088 1419 2143 predictos
1449 2088 1686 2130 monachos.
1749 2087 1809 2129 Et
1840 2088 2058 2130 sciendum
2089 2089 2204 2143 quod

253 2198 377 2238 super
408 2182 647 2225 sanctuaria
677 2181 915 2237 juravimus
949 2180 1062 2235 quod
1086 2179 1162 2220 hec
1191 2179 1333 2220 omnia
1363 2178 1540 2220 firmiter
1567 2183 1608 2220 et
1643 2179 1824 2220 fideliter
1854 2178 2170 2221 observabimus
2192 2212 2202 2221 .

255 2277 297 2315 et
337 2272 537 2328 predictis
577 2271 795 2314 monachis
836 2269 1205 2313 warantizabimus
1247 2273 1392 2311 contra
1432 2283 1576 2311 omnes
1609 2270 1800 2311 homines
1840 2273 1929 2311 tam
1974 2302 2200 2311 .....

257 2363 531 2406 elemosinam
552 2366 753 2404 nostram.

314 2453 416 2495 Hiis
456 2452 635 2495 testibus
678 2486 685 2494 .
730 2452 893 2494 HELYA
934 2457 1036 2494 tunc
1085 2453 1243 2494 decano
1285 2484 1294 2494 .
1347 2451 1582 2493 MAURmo
1642 2451 1871 2506 presbitero
1924 2485 1932 2494 .
1990 2451 2204 2494 HENRICO

253 2543 484 2600 presbitero
508 2577 516 2586 .
540 2543 695 2585 DAVID
717 2543 947 2598 presbitero
971 2577 978 2584 .
1003 2543 1190 2585 Romam
1211 2542 1298 2583 filio
1322 2541 1463 2585 W1AN
1496 2575 1505 2584 .
1540 2542 1695 2584 DAvm
1717 2541 1927 2584 PUIGNEL
1950 2575 1958 2584 .
1982 2542 2011 2585 J
2014 2556 2203 2584 OHANNE

255 2633 370 2675 SOOR
392 2666 401 2676 .
426 2633 593 2676 GRUNU
617 2633 704 2675 filio
724 2633 752 2675 J
759 2632 1012 2689 [OHANN1s.]
