2425 3423
1948 258 2062 299 2357

160 457 214 499 de
245 456 533 500 GLAMORGAN
564 458 638 513 qui
668 472 742 513 pro
771 460 959 513 tempore
989 457 1121 500 fuerit
1164 492 1172 500 .
1215 459 1348 502 donec
1389 460 1514 503 dictis
1549 460 1694 504 abbati
1725 466 1768 505 et
1799 465 2027 507 conventui
2057 466 2110 508 de

159 548 413 591 omnimodis
443 548 640 604 dampnis
674 552 717 590 et
745 548 940 604 expensis
968 564 1073 604 quas
1100 549 1381 593 sustinuerint
1412 552 1626 594 occasione
1658 555 1955 609 prenominata
1986 556 2106 598 satis-

157 638 393 682 fecerimus.
474 638 531 681 In
571 639 694 695 cujus
733 639 794 681 rei
833 639 1126 682 testimonium
1166 641 1433 696 presentibus
1473 643 1616 699 sigilla
1655 647 1801 686 nostra
1833 646 2107 701 apposuimus

156 746 244 773 una
263 745 360 773 cum
381 730 521 786 sigillo
542 729 791 774 WILLELMI
813 745 866 786 ap
887 730 1140 773 ZORUARTH
1163 765 1172 773 .
1195 732 1247 774 de
1270 732 1562 777 THYRIARTH.

211 821 377 864 Datum
396 821 511 876 apud
527 820 735 863 MARGAM
751 820 819 863 die
839 820 994 863 Martis
1009 822 1203 877 proxima
1219 825 1314 878 post
1334 823 1492 867 festum
1508 824 1654 867 Sancti
1670 825 1868 869 ANDREE
1885 829 2065 883 apostoli
2088 862 2096 871 .

157 927 270 955 anno
291 911 454 954 domini
473 917 536 953 M0·
560 918 632 953 00⁰·
657 911 933 967 nonagesimo
954 912 1106 967 primo.

212 1003 304 1045 One
326 1002 449 1044 small
468 1002 606 1044 round
627 1002 726 1053 saal,
749 1016 879 1058 green
901 1017 1008 1054 wax,
1032 1018 1056 1044 a
1079 1007 1248 1046 rosette.

819 1084 881 1126 ‘s'
914 1099 1055 1127 1EUAN
1088 1119 1096 1127 .
1129 1086 1172 1128 A’
1206 1121 1214 1128 .
1247 1087 1424 1129 MADoc.'

944 1276 1312 1321 MDOXXVIII.

151 1391 366 1435 GRANT
406 1390 494 1433 BY
542 1390 777 1434 ZEWAN
815 1391 899 1433 AB
952 1391 1365 1437 HAGHARATH
1415 1395 1550 1438 AND
1603 1396 1818 1442 OTHER
1874 1399 2096 1445 WELSH

295 1480 559 1525 OWNERS
620 1480 696 1523 ΤΟ
776 1481 1072 1525 WILLIAM
1141 1483 1540 1529 ALEXANDER
1611 1487 1690 1531 OF
1771 1490 1945 1534 LAND
2017 1492 2099 1536 AT

297 1570 539 1614 BALLES
589 1570 662 1614 IN
711 1570 1027 1615 KENEFEG.

867 1661 1098 1718 [MARGAM
1131 1664 1389 1723 CHARTER]

1500 1742 1626 1786 LATE
1659 1746 1777 1788 13ΤΗ
1809 1747 2039 1792 CENTURY.

204 1829 351 1872 Sciant
385 1830 601 1884 presentes
637 1832 680 1869 et
714 1827 852 1870 futuri
880 1829 994 1883 quod
1027 1844 1103 1871 nos
1137 1830 1310 1872 ZEWAN
1346 1831 1400 1874 ab
1436 1832 1738 1877 HAGHARATH
1774 1869 1782 1877 .
1820 1836 2050 1881 KNAYTHO
2082 1874 2091 1883 .

144 1921 342 1964 MAYHOC
384 1954 391 1962 .
434 1919 591 1962 DAvm
634 1952 642 1961 .
687 1918 893 1961 GWRONU
936 1953 945 1961 .
988 1919 1232 1962 ITHENERD
1274 1955 1283 1963 .
1326 1925 1368 1964 et
1409 1922 1645 1967 WASTMER
1684 1926 1762 1968 filii
1795 1927 1965 1970 ZOWAN
2002 1963 2009 1971 .
2052 1935 2094 1974 et

148 2012 362 2057 WURGAN
397 2044 406 2053 .
448 2009 679 2052 MEUROCH
718 2044 725 2051 .
770 2009 882 2052 Rms
922 2013 963 2052 et
999 2010 1196 2053 MAnocH
1232 2047 1240 2054 .
1276 2012 1354 2054 filii
1388 2013 1605 2057 WURGAN
1640 2015 1713 2058 Du
1741 2050 1750 2059 .
1780 2021 1822 2060 et
1863 2018 2094 2065 RmARDns

142 2103 327 2147 GETHIN
365 2135 375 2144 .
409 2101 605 2144 dedimus
640 2101 920 2143 concessimus
955 2106 998 2144 et
1030 2102 1109 2144 hac
1143 2104 1330 2158 presenti
1365 2107 1481 2146 carta
1515 2109 1660 2149 nostra
1695 2110 2039 2155 confirmauimus
2079 2147 2088 2156 .

138 2193 396 2238 WILLELMO
429 2192 719 2235 ALEXANDER
746 2224 755 2233 .
790 2206 867 2247 pro
898 2192 1070 2234 servitio
1098 2207 1173 2235 suo
1204 2228 1211 2235 .
1242 2196 1467 2238 tresdecim
1495 2212 1611 2240 acras
1640 2201 1751 2242 terre
1784 2202 1957 2245 arabilis
1992 2219 2089 2248 cum

140 2283 411 2342 pertinentiis
442 2283 528 2325 suis
562 2282 609 2324 in
641 2281 831 2324 manerio
867 2283 919 2324 de
954 2282 1181 2325 KENEFEG
1224 2317 1233 2327 .
1274 2285 1464 2340 jacentes
1503 2290 1619 2344 apud
1658 2290 1837 2334 BALLES
1877 2308 1930 2335 ex
1971 2298 2092 2350 parte

141 2374 317 2419 australi
340 2409 348 2416 .
371 2374 486 2416 inter
505 2376 664 2416 terram
689 2372 855 2415 abbatis
880 2376 923 2416 et
953 2379 1187 2417 conuentus
1211 2377 1263 2419 de
1294 2376 1496 2420 MORGAN
1527 2395 1609 2435 que
1638 2386 1812 2426 vocatur
1839 2383 2088 2429 TANGISTE-

140 2480 286 2509 LONDE
310 2499 318 2507 .
341 2469 385 2507 et
405 2478 674 2506 communem
694 2467 914 2519 pasturam
935 2480 1016 2520 que
1038 2465 1178 2508 DUM
1199 2467 1251 2509 de
1273 2467 1486 2511 CORNELY
1506 2472 1748 2526 appellatur
1771 2507 1779 2516 .
1803 2474 1865 2517 Et
1894 2491 1947 2518 ex
1967 2486 2088 2533 parte

139 2556 335 2600 orientali
354 2558 465 2598 terre
479 2554 696 2596 PHILIPPI
714 2555 767 2597 de
784 2553 983 2597 CORNELI
1001 2558 1103 2598 tunc
1119 2557 1321 2612 temporis
1339 2591 1347 2599 .
1366 2574 1448 2613 que
1465 2559 1643 2603 OROFTA
1659 2561 1867 2607 YLTUITY
1884 2571 2058 2612 vocatur
2075 2604 2084 2613 .

140 2651 183 2691 et
221 2663 274 2690 ex
305 2649 425 2702 parte
461 2644 712 2688 occidentali
751 2648 865 2687 terra
899 2646 1002 2688 dicti
1035 2646 1200 2689 abbatis
1240 2651 1283 2689 et
1322 2652 1555 2693 conventus
1595 2653 1648 2695 de
1689 2653 2083 2704 TANGISTELONDE.

137 2738 361 2781 Tenendas
390 2739 433 2778 et
461 2734 679 2778 habendas
708 2735 788 2778 sibi
808 2738 852 2777 et
882 2735 1108 2779 heredibus
1138 2738 1223 2780 suis
1256 2773 1264 2781 .
1297 2740 1365 2781 vel
1395 2741 1643 2798 cuicumque
1673 2747 1716 2786 et
1749 2746 2085 2807 quibuscumque

138 2830 237 2871 dare
258 2827 472 2884 assignare
496 2860 503 2868 .
529 2826 596 2868 vel
617 2841 883 2882 quocumque
899 2828 1025 2870 modo
1047 2828 1232 2871 alienare
1250 2863 1258 2871 .
1277 2831 1345 2872 vel
1362 2831 1492 2874 etiam
1506 2833 1553 2875 in
1569 2836 1826 2879 testamento
1842 2839 2084 2896 relinquere

137 2919 319 2962 voluerit
329 2952 337 2960 .
347 2919 400 2960 de
412 2917 585 2973 capitali
598 2917 770 2959 domino
786 2918 838 2959 de
851 2917 1079 2961 KENEFEG
1090 2953 1098 2961 .
1109 2918 1240 2962 libere
1253 2953 1262 2962 .
1279 2921 1421 2976 quiete
1438 2954 1447 2963 .
1462 2921 1631 2979 integre
1647 2959 1655 2967 .
1669 2927 1859 2981 pacifice.
1871 2933 1913 2972 et
1925 2930 2085 2988 absque

139 3009 288 3052 clamio
318 3008 461 3064 aliquo
491 3007 559 3050 vel
588 3006 779 3064 rete[ne]
787 3011 931 3050 mento
962 3009 1096 3051 nostri
1119 3043 1127 3052 .
1160 3010 1227 3052 vel
1247 3010 1452 3055 heredum
1473 3017 1712 3058 nostrorum
1738 3017 2053 3076 imperpetuum
2075 3059 2084 3067 .
