2425 3423
1966 292 2085 333 2319

183 505 299 547 intra
329 505 396 547 vel
417 509 537 547 extra
557 505 662 547 fines
683 517 840 546 eorum.
902 501 964 544 Et
984 502 1202 543 sciendum
1233 502 1347 556 quod
1379 500 1438 542 eis
1467 499 1706 556 juravimus
1737 514 1862 555 super
1893 498 2136 541 sanctuaria

187 596 357 639 ecclesie
379 597 430 639 de
451 596 656 639 MARGAN
690 631 698 638 .
731 594 875 638 omnia
894 593 1083 649 predicta
1104 592 1287 635 fideliter
1306 595 1349 634 et
1369 592 1547 634 firmiter
1572 594 1810 634 servatmos
1839 624 1848 632 .
1880 599 1922 633 et
1944 591 2058 646 quod
2079 590 2140 632 eis

189 688 299 730 hanc
320 688 594 730 donationem
615 690 761 729 contra
782 699 926 728 omnes
945 683 1139 726 homines
1158 682 1529 725 warantizabimus
1549 682 1595 724 in
1617 686 1887 737 perpetuum.

249 778 336 821 His
355 778 534 821 testibus
557 812 564 820 .
588 777 804 820 KEDIUOR
823 776 912 818 filio
932 775 1171 818 ABRAHAM
1193 807 1201 816 .
1225 776 1267 815 et
1288 772 1434 815 Imm
1462 773 1549 816 filio
1571 773 1795 816 BREAUEL
1821 807 1828 815 .
1853 778 1895 815 et
1917 772 2138 814 ΕΝΝΙΑυΝ

189 869 323 912 fratre
343 869 438 925 ejus
461 903 468 910 .
502 869 666 911 ARTUR
696 868 783 910 filio
815 867 968 909 DAvn)
999 865 1222 907 PmGNEL.
1284 864 1345 906 Et
1380 864 1446 906 his
1486 863 1804 920 fidejussoribus
1846 897 1854 906 .
1899 863 2139 905 Bmmmu

192 960 280 1002 filio
302 959 465 1002 OWEIN
490 993 498 1001 .
521 962 564 1001 et
585 958 731 1000 Imm
752 958 840 1000 filio
860 957 890 1001 J
893 971 1025 999 OWAN
1058 990 1066 999 .
1099 956 1129 999 J
1131 970 1370 998 OREUORTH
1392 956 1480 998 filio
1502 955 1766 998 KEUEGAN.¹

254 1050 346 1094 One
367 1050 465 1103 seal,
487 1050 632 1092 brown
656 1065 763 1101 wax,
795 1064 850 1091 an
872 1047 1137 1091 ornamental
1158 1050 1323 1089 rosette.

809 1143 926 1181 ‘ADA
959 1172 967 1181 .
1004 1173 1011 1181 .
1048 1172 1056 1180 .
1091 1173 1099 1181 .
1134 1152 1316 1180 KADARA
1353 1172 1360 1179 .
1396 1171 1405 1180 .
1440 1172 1449 1180 .
1485 1171 1494 1180 .

1014 1228 1063 1265 (l)
1107 1228 1150 1258 Or
1165 1228 1333 1266 Kenegan.

1050 1401 1317 1444 MDXOIX.

199 1511 416 1556 GRANT
468 1510 555 1554 BY
606 1509 904 1553 LOWELIN
957 1509 1039 1552 ΟΒ.
1089 1509 1335 1552 LUELIN
1395 1508 1528 1552 MAP
1591 1508 1805 1561 RIRED,
1852 1508 1987 1551 AND
2038 1507 2147 1551 HIS

345 1592 697 1637 BRETHREN
747 1592 823 1635 TO
871 1592 1148 1636 MARGAM
1192 1591 1422 1643 ABBEY,
1465 1591 1543 1634 OF
1589 1590 1793 1634 THEIR
1844 1590 2020 1634 LAND
2071 1590 2150 1633 OF

346 1676 613 1720 PENNUD
679 1675 769 1731 (IN
832 1674 1352 1729 HAVODYPORTH),
1425 1673 1603 1717 WITH
1669 1672 2152 1717 OONFIRMATION

347 1760 425 1803 OF
459 1759 590 1802 THE
634 1757 942 1800 FATHER‘S
981 1757 1196 1800 GRANT
1243 1757 1321 1799 OF
1364 1756 1495 1799 THE
1539 1756 1714 1800 LAND
1759 1756 1837 1799 OF
1881 1756 2150 1808 EMBROO,

350 1842 485 1886 AND
551 1840 960 1884 ABJURATION
1033 1840 1110 1882 OF
1184 1839 1311 1882 ALL
1384 1839 1560 1882 LAND
1633 1838 1947 1883 BETWEEN
2020 1838 2151 1882 THE

350 1925 568 1969 AVENE
614 1924 749 1967 AND
793 1923 1096 1966 KENEFEG
1142 1922 1387 1966 RIVERS.

922 2030 1153 2087 [MARGAM
1186 2029 1442 2086 CHARTER]

1523 2120 1682 2162 EARLY
1715 2121 1832 2163 13ΤΗ
1865 2120 2093 2164 CENTURY.

266 2233 476 2276 Omnibus
505 2232 658 2275 Sancte
689 2231 858 2274 ecclesie
888 2231 987 2273 filiis
1017 2229 1281 2286 presentibus
1311 2231 1353 2271 et
1383 2228 1553 2280 futuris,
1585 2228 1806 2271 LowEmN
1837 2229 1950 2272 filius
1980 2230 2154 2272 Rmmo

211 2325 405 2367 salutem.

267 2415 419 2458 Sciatis
439 2429 507 2456 me
529 2417 571 2456 et
592 2414 744 2456 fratres
764 2427 880 2455 meos
900 2412 1072 2454 consilio
1094 2414 1137 2452 et
1157 2425 1362 2453 consensu
1382 2413 1607 2466 parentum
1637 2413 1877 2454 nostrorum
1907 2412 2154 2455 concessisse

208 2510 250 2549 et
286 2505 451 2548 dedisse
487 2520 543 2546 m.
578 2505 630 2546 de
662 2503 867 2545 MARGAN
900 2503 944 2544 in
982 2517 1021 2557 p.
1057 2505 1097 2544 et
1134 2517 1176 2557 p.
1213 2501 1486 2544 elemosinam
1518 2505 1652 2544 totam
1688 2505 1846 2544 terram
1877 2506 2065 2545 nostram
2101 2504 2154 2546 de

207 2596 404 2639 PENNUD
426 2610 522 2637 cum
542 2610 659 2637 mora
681 2597 723 2636 et
742 2593 865 2636 bosco
888 2596 930 2635 et
951 2608 1046 2635 cum
1068 2592 1265 2635 omnibus
1286 2593 1381 2634 aliis
1411 2593 1679 2648 pertinentiis
1700 2593 1785 2635 suis
1815 2595 1864 2636 ut
1893 2593 2080 2637 habeant
2110 2597 2151 2637 et

207 2690 383 2731 teneant
404 2701 497 2728 eam
522 2685 653 2728 libere
684 2689 726 2727 et
756 2685 898 2741 quiete
940 2684 993 2726 ab
1033 2684 1149 2725 omni
1183 2684 1487 2726 consuetudine
1518 2686 1560 2726 et
1591 2684 1809 2726 exactione
1840 2685 2016 2727 seculari
2046 2685 2153 2728 sicut

204 2778 294 2820 ulla
315 2777 542 2820 elemosina
562 2776 737 2818 liberius
758 2775 893 2817 teneri
915 2778 1065 2829 potest.
1128 2774 1213 2816 Sed
1233 2777 1276 2816 et
1296 2777 1432 2816 totam
1461 2778 1618 2816 terram
1648 2775 1701 2816 de
1734 2774 1924 2817 EMBRoc
1954 2790 2035 2831 que
2067 2776 2150 2819 fuit

206 2868 340 2924 patris
360 2868 493 2910 nostri
515 2882 644 2922 quam
665 2870 707 2908 et
727 2866 815 2922 ipse
833 2865 1138 2921 prenominatis
1160 2865 1375 2907 monachis
1396 2865 1515 2907 dedit
1534 2865 1580 2907 in
1601 2880 1641 2920 p.
1665 2873 1707 2907 et
1727 2880 1768 2921 p.
1791 2880 1842 2917 e.,
1860 2865 2151 2922 abjuravimus

209 2959 255 3001 in
276 2961 530 3014 perpetuum
553 2991 561 2999 .
585 2961 628 2999 et
649 2971 774 3015 super
795 2956 1035 2998 sanctuaria
1056 2956 1225 2998 ecclesie
1245 2955 1485 3010 juravimus
1507 2989 1517 2998 .
1542 2957 1656 3011 quod
1671 2955 1729 2997 eis
1745 2955 1821 2998 hec
1837 2956 1979 2999 omnia
1994 2971 2153 2999 waren-

208 3049 432 3091 tizabimus
453 3048 497 3089 in
519 3050 713 3090 eternum
734 3052 879 3089 contra
908 3061 1052 3089 omnes
1081 3046 1286 3089 homines.
1349 3046 1409 3088 Et
1438 3047 1655 3089 sciendum
1686 3047 1801 3102 quod
1830 3051 1965 3089 totam
1995 3050 2151 3089 terram
