2425 3423
1933 296 2048 338 2327

216 497 415 539 Preterea
436 497 535 539 dedi
555 498 714 539 eisdem
729 496 946 539 monachis
965 497 1011 539 in
1029 512 1180 552 puram
1196 500 1239 540 et
1258 501 1508 553 perpetuam
1524 500 1798 544 elemosinam
1821 535 1830 543 .
1853 505 1896 545 et
1912 503 2106 558 quietum

158 587 337 630 clamavi
357 591 399 630 et
419 587 562 630 remisi
576 587 889 644 imperpetuum
905 589 1044 630 totum
1059 587 1316 630 forinsecum
1329 589 1551 632 servicium
1567 591 1619 632 de
1636 590 1765 633 feudo
1782 593 1834 635 de
1848 591 2073 636 LANawa
2092 628 2100 636 .

160 678 275 734 quod
294 679 349 719 ad
369 692 438 719 me
458 678 526 720 vel
547 678 602 720 ad
622 681 902 720 antecessores
921 691 1036 720 meos
1056 677 1268 733 pertinere
1295 678 1456 722 solebat
1489 712 1498 722 .
1530 680 1597 722 vel
1627 682 1741 736 quod
1772 683 1827 725 ad
1856 698 1924 726 me
1954 684 2021 726 vel
2051 685 2106 727 ad

158 768 333 811 heredes
353 768 537 823 pertinet
560 801 568 810 .
592 771 732 823 preter
752 768 975 810 dimidiam
995 782 1182 810 marcam
1203 769 1467 813 solummodo
1488 785 1617 826 quam
1648 772 1777 815 michi
1809 776 1851 815 et
1879 773 2107 817 heredibus

158 859 264 902 meis
284 860 462 901 reddent
485 891 494 900 .
516 862 606 900 tam
626 873 702 915 pro
723 860 864 901 warda
885 874 1013 915 quam
1033 874 1109 915 pro
1129 860 1247 902 omni
1267 861 1350 902 alio
1371 861 1541 904 servitio
1562 863 1614 905 de
1635 865 1784 906 eodem
1804 864 1934 907 feudo
1955 867 2010 908 ad
2030 881 2106 908 nos

160 951 413 1007 pertinente.

218 1040 417 1083 Preterea
437 1041 490 1083 de
511 1039 707 1083 omnibus
727 1041 980 1083 tenementis
997 1056 1078 1096 que
1093 1041 1250 1097 prefati
1270 1043 1467 1085 monachi
1487 1046 1635 1086 tenent
1659 1077 1668 1087 .
1690 1048 1829 1088 totum
1850 1046 2106 1090 forinsecum

160 1132 381 1175 servitium
411 1132 524 1186 quod
553 1132 609 1173 ad
639 1134 917 1174 antecessores
947 1148 1061 1175 meos
1090 1133 1300 1188 pertinere
1331 1133 1492 1177 solebat
1514 1169 1523 1177 .
1550 1136 1619 1177 vel
1648 1138 1763 1192 quod
1792 1138 1848 1179 ad
1874 1153 1942 1180 me
1964 1139 2032 1180 vel
2052 1139 2107 1182 ad

160 1223 334 1265 heredes
363 1236 477 1264 meos
510 1221 694 1277 pertinet
735 1222 822 1264 sive
856 1223 910 1264 sit
943 1223 1162 1266 servitium
1202 1224 1351 1266 militis
1393 1258 1401 1267 .
1445 1225 1532 1267 sive
1572 1227 1784 1270 venatoris
1825 1229 1892 1271 vel
1932 1229 2107 1272 alterius

159 1313 387 1370 cujuslibet
408 1313 628 1356 servientis
652 1345 661 1354 .
683 1312 770 1355 sive
791 1313 920 1356 etiam
941 1314 1159 1357 servitium
1190 1316 1366 1371 coquine
1389 1350 1397 1359 .
1421 1331 1494 1359 seu
1525 1319 1806 1374 quodcunque
1836 1321 1955 1363 aliud
1975 1321 2107 1363 forin-

161 1420 302 1448 secum
322 1404 542 1447 servitium
562 1405 617 1446 ad
645 1419 721 1446 nos
751 1405 967 1459 pertinens
990 1439 998 1447 .
1031 1409 1171 1448 totum
1201 1407 1310 1449 illud
1339 1408 1564 1451 servicium
1595 1410 1754 1452 eisdem
1774 1412 1991 1454 monachis
2011 1413 2110 1456 dedi

159 1497 468 1552 imperpetuam
489 1495 763 1537 elemosinam
780 1528 789 1537 .
808 1498 850 1537 et
871 1496 1064 1551 quietum
1080 1497 1259 1539 clamavi
1279 1501 1320 1540 et
1341 1498 1530 1541 relaxavi
1550 1501 1740 1543 totaliter
1759 1502 2074 1558 imperpetuum
2097 1537 2106 1546 .

159 1590 299 1642 preter
320 1585 543 1627 dimidiam
563 1599 749 1627 maroam
770 1586 823 1627 de
846 1585 1086 1628 LANGEWI.

218 1678 417 1720 Preterea
449 1709 457 1718 .
490 1676 585 1717 xxti·
618 1679 660 1718 et
692 1691 794 1718 V11J.
828 1677 1022 1719 denarios
1052 1679 1104 1719 de
1135 1677 1438 1722 KILLECULUM
1472 1684 1514 1722 et
1544 1696 1668 1724 X111J.
1701 1683 1896 1726 denarios
1921 1685 1973 1727 de
1995 1690 2108 1727 terra

161 1769 483 1813 GILLEMICHEL
505 1782 609 1822 quos
631 1767 821 1809 solebant
842 1769 1015 1810 reddere
1038 1770 1091 1810 ad
1112 1771 1337 1824 coquinam
1361 1804 1369 1812 .
1393 1775 1435 1813 et
1465 1773 1682 1815 redditum
1704 1808 1712 1816 .
1737 1781 1857 1816 111J01'·
1879 1776 2110 1819 solidorum

160 1863 202 1903 et
228 1860 360 1902 trium
393 1858 611 1900 obolorum
646 1892 653 1899 .
693 1873 796 1912 quos
833 1858 1024 1900 solebant
1057 1860 1280 1902 annuatim
1316 1862 1490 1904 reddere
1523 1863 1576 1905 de
1611 1866 1724 1906 terra
1757 1880 1839 1920 que
1871 1865 1957 1908 fuit
1991 1866 2108 1909 JOAF

159 1951 395 1993 TROIDCAM
419 1983 427 1991 .
450 1948 577 2005 juxta
599 1948 835 1991 CATTEPUT
859 1981 867 1990 .
892 1949 1087 1991 similiter
1108 1950 1285 2005 prefatis
1305 1952 1523 1994 monachis
1543 1954 1590 1995 in
1612 1969 1763 2009 puram
1793 1960 1836 1997 et
1856 1960 2106 2013 perpetuam

159 2041 433 2084 elemosinam
453 2039 553 2081 dedi
574 2042 615 2080 et
646 2039 833 2080 relaxavi
864 2039 1175 2094 imperpetuum
1207 2045 1249 2083 et
1279 2045 1414 2084 totam
1444 2058 1713 2087 communam
1745 2049 1913 2101 pasture
1944 2047 1989 2089 in
2019 2052 2110 2091 toto

157 2131 333 2174 marisco
355 2145 446 2172 meo
477 2130 531 2171 ad
562 2129 864 2172 occidentalem
895 2133 1059 2184 partem
1092 2131 1189 2173 ville
1221 2133 1272 2174 de
1303 2132 1488 2175 KARmF
1522 2168 1529 2176 .
1562 2135 1675 2177 inter
1706 2135 1839 2178 THAF
1870 2140 1913 2180 et
1942 2137 2103 2182 ELEY.

159 2222 341 2266 concessi
371 2224 413 2264 et
442 2220 543 2262 dedi
572 2220 730 2262 eisdem
761 2220 1075 2276 imperpetuum
1108 2255 1116 2263 .
1148 2223 1364 2266 reddendo
1386 2224 1515 2266 michi
1534 2226 1635 2268 inde
1659 2260 1666 2269 .
1692 2228 1758 2269 vel
1783 2227 2009 2272 heredibus
2029 2245 2105 2286 pro

156 2312 337 2369 singulis
372 2311 580 2367 capitibus
615 2310 854 2352 averiorum
895 2326 1064 2354 suorum
1107 2317 1318 2367 quantum
1354 2313 1584 2371 burgenses
1621 2318 1673 2359 de
1706 2317 1892 2361 KARDIF
1930 2321 2106 2364 reddere

157 2402 347 2445 solebant
367 2415 443 2457 pro
465 2400 645 2455 singulis
666 2399 873 2455 capitibus
894 2401 1131 2443 averiorum
1153 2417 1323 2445 suorum
1347 2404 1393 2446 in
1423 2405 1611 2460 predicto
1641 2407 1817 2450 marisco
1839 2410 2103 2463 pascentium

156 2498 345 2548 tempore
367 2490 616 2534 WILLELMl
639 2490 802 2533 comitis
824 2491 955 2545 patris
975 2492 1058 2533 mei
1082 2526 1090 2533 .
1125 2492 1191 2534 Ut
1211 2498 1354 2536 autem
1375 2495 1451 2537 hec
1472 2496 1660 2551 predicta
1681 2498 1854 2541 donatio
1884 2514 1979 2542 mea
2008 2505 2102 2544 rata

155 2589 197 2627 et
229 2585 351 2626 firma
383 2583 437 2624 sit
468 2581 513 2623 in
546 2584 799 2637 perpetuum
833 2596 926 2623 eam
961 2583 1144 2637 presenti
1177 2588 1292 2626 carta
1323 2600 1417 2627 mea
1447 2587 1692 2630 confirmavi
1725 2621 1733 2631 .
1767 2593 1809 2631 et
1837 2590 1978 2646 sigillo
2006 2607 2100 2636 meo

155 2674 333 2718 munivi.

212 2764 299 2806 His
321 2798 329 2805 .
352 2762 542 2805 testibus.
