2425 3423
335 266 448 307 2298

1082 469 1427 513 MDLXXVII.

278 581 494 627 GRANT
556 580 642 623 BY
698 578 949 621 ROBERT
1003 577 1089 620 DE
1151 576 1422 621 MAGOUR
1483 576 1559 620 ΤΟ
1616 573 1925 625 WILLIAM,
1982 573 2099 616 SON
2155 573 2234 616 OF

422 670 675 715 MAsTER
735 668 1068 721 NIOHOLAS,
1126 668 1205 711 OF
1266 668 1397 710 THE
1459 666 1598 710 SITE
1659 666 1737 709 OF
1789 667 1833 709 A
1889 665 2102 708 HOUSE
2161 665 2234 708 IN

423 761 734 806 KENEFEO.

985 834 1213 888 [MARGAM
1246 832 1505 889 Cnnzrnn]

1794 908 1909 950 131=H
1943 907 2173 950 CENTURY.

333 1021 480 1068 Sciant
500 1023 716 1076 presentes
737 1022 779 1060 et
800 1017 938 1060 futuri
960 1017 1074 1073 quod
1096 1031 1176 1072 ego
1199 1016 1439 1058 Rossmzws
1461 1016 1513 1057 de
1535 1014 1738 1057 MAGOUR
1769 1015 1868 1057 dedi
1889 1014 2072 1057 concessi
2093 1017 2136 1056 et
2155 1013 2234 1055 hac

275 1112 462 1170 presenti
483 1116 599 1154 carta
619 1125 714 1152 mea
744 1108 991 1152 confirmavi
1024 1141 1031 1150 .
1066 1106 1325 1150 WILLELMO
1347 1106 1436 1149 filio
1457 1106 1653 1162 magistri
1674 1105 1905 1148 NICHOLAI
1936 1106 2077 1148 locum
2108 1105 2236 1147 unius

275 1204 426 1246 domus
446 1217 542 1245 cum
570 1216 655 1244 uno
677 1200 903 1256 curtilagio
925 1200 970 1241 in
991 1199 1095 1241 villa
1116 1199 1169 1240 de
1190 1197 1412 1240 KENEFEC
1434 1212 1516 1252 que
1543 1196 1657 1252 jacet
1678 1196 1792 1238 inter
1822 1199 1982 1238 terram
2004 1195 2233 1238 NicHOLAI

274 1297 315 1339 le
356 1295 537 1339 WELAR
577 1294 622 1336 in
663 1296 782 1349 parte
824 1292 999 1335 australi
1043 1325 1051 1333 .
1095 1295 1136 1333 et
1178 1293 1334 1332 terram
1375 1290 1485 1344 quod
1535 1289 1621 1343 (sic)
1659 1288 1876 1343 quondam
1916 1287 2055 1329 tenuit
2095 1285 2236 1328 ADAM

276 1387 499 1429 HERmNG
542 1420 549 1427 .
594 1385 639 1427 in
679 1388 800 1440 parte
840 1383 1000 1426 boreali
1052 1417 1060 1424 .
1114 1382 1172 1424 Et
1215 1380 1408 1423 extendit
1451 1395 1492 1422 se
1533 1394 1558 1421 a
1597 1379 1768 1435 publico
1811 1379 1901 1420 vico
1957 1392 2040 1433 que
2082 1376 2238 1419 dicitur

277 1479 641 1522 MONEKINSTRET
665 1512 673 1519 .
696 1491 829 1532 usque
850 1477 904 1518 ad
925 1479 1082 1518 terram
1112 1474 1141 1517 J
1145 1488 1345 1515 OHANNrs
1377 1472 1602 1514 HUGELOT
1625 1505 1632 1512 .
1656 1472 1702 1513 in
1734 1469 2004 1526 longitudine
2028 1503 2035 1510 .
2060 1474 2101 1510 et
2131 1469 2238 1510 duas

276 1586 392 1614 acras
425 1574 536 1612 terre
569 1568 741 1611 arabilis
775 1574 816 1610 et
850 1567 1079 1609 dimidium
1114 1566 1160 1607 in
1191 1579 1339 1619 campo
1371 1598 1379 1606 .
1414 1563 1611 1605 videlicet
1644 1563 1757 1617 quod
1792 1576 1924 1603 unam
1958 1575 2098 1602 acram
2125 1559 2238 1615 jacet

273 1663 386 1705 inter
425 1666 581 1703 terram
622 1659 790 1702 TnoME
832 1658 1091 1701 GRAMMOUS
1133 1657 1179 1698 in
1219 1659 1339 1711 parte
1391 1654 1588 1697 orientali
1631 1687 1639 1695 .
1690 1656 1732 1695 et
1777 1656 1934 1694 terram
1984 1652 2099 1707 quod
2144 1653 2230 1705 (sio)

275 1754 491 1810 quondam
526 1752 666 1795 tenuit
702 1751 946 1793 JOHANNEs
982 1748 1168 1790 PERUAT
1204 1747 1249 1788 in
1285 1749 1405 1802 parte
1439 1744 1691 1788 occidentali
1734 1779 1741 1785 .
1785 1743 1845 1785 Et
1880 1742 2076 1784 extendit
2110 1756 2152 1783 se
2185 1741 2231 1783 in

275 1844 547 1900 longitudine
588 1858 613 1884 a
653 1846 764 1884 terra
806 1841 921 1896 quod
961 1840 1049 1894 (sie)
1096 1839 1312 1894 quondam
1358 1837 1499 1898 tenuit
1536 1835 1739 1877 HELENA
1780 1834 1810 1877 J
1813 1848 1964 1876 ORDAN
2006 1848 2138 1889 usque
2182 1833 2237 1874 ad

279 1951 435 1992 aquam
475 1936 527 1977 de
568 1933 789 1976 KENEFEC
841 1966 849 1974 .
896 1931 955 1973 Et
995 1931 1124 1973 aliam
1167 1944 1264 1972 vero
1307 1943 1447 1970 acram
1487 1927 1599 1983 jacet
1639 1926 1752 1968 inter
1782 1930 1939 1967 terram
1980 1925 2093 1979 quod
2147 1924 2234 1978 (sie)

281 2027 496 2083 quondam
536 2025 676 2067 tenuit
715 2023 958 2066 JOHANNES
1002 2021 1231 2063 HERBARD
1266 2019 1311 2060 in
1347 2022 1467 2074 parte
1509 2016 1685 2059 australi
1728 2050 1735 2058 .
1779 2019 1821 2058 et
1859 2018 2017 2058 terram
2058 2014 2238 2057 RoGEm

280 2119 469 2162 erms
492 2118 538 2159 in
569 2121 688 2171 parte
716 2115 868 2157 boriali
901 2148 908 2156 .
944 2113 1003 2155 Et
1025 2112 1219 2154 extendit
1244 2126 1285 2153 se
1316 2110 1361 2152 in
1393 2108 1665 2165 longitudine
1696 2122 1721 2148 a
1750 2107 1887 2162 regali
1918 2107 1987 2148 via
2017 2122 2099 2162 que
2120 2106 2239 2148 ducit

280 2210 395 2265 apud
437 2208 637 2250 CORNELI
682 2221 812 2260 usque
844 2205 898 2246 ad
939 2208 1110 2259 pratum
1153 2201 1387 2245 JOHANNIS
1428 2198 1575 2241 FABRI
1616 2231 1624 2240 .
1660 2197 1720 2239 Et
1757 2197 2070 2239 dimidietatem
2110 2196 2238 2238 unius

283 2315 376 2342 acre
408 2299 521 2355 jacet
561 2299 648 2351 (xiv)
685 2297 797 2337 inter
828 2299 986 2337 terram
1020 2294 1237 2335 Pfflmm
1282 2291 1538 2334 GRAMMOUS
1578 2289 1623 2330 in
1659 2291 1779 2344 parte
1808 2288 1984 2330 australi
2017 2291 2058 2330 et
2084 2290 2241 2329 terram

285 2392 516 2435 ιῘΟΗΑΝΝῙΞ
553 2389 776 2431 HUGELOT
809 2389 854 2429 in
890 2390 1009 2441 parte
1047 2385 1197 2427 boriali
1232 2417 1238 2425 .
1273 2383 1333 2424 Et
1366 2381 1560 2424 extendit
1601 2395 1643 2422 se
1675 2380 1720 2421 in
1755 2379 2025 2435 longitudine
2065 2393 2089 2419 a
2119 2383 2242 2434 prato

285 2484 513 2526 JOHANNIS
551 2481 698 2522 FAssm
741 2494 872 2534 usque
907 2480 959 2519 ad
993 2480 1163 2532 pratum
1206 2475 1412 2517 HENmm
1453 2472 1562 2516 VOT.
1638 2471 1903 2513 Habendum
1935 2474 1977 2511 et
2009 2470 2242 2511 tenendum

287 2574 445 2616 dictam
467 2578 623 2614 terram
644 2586 740 2612 cum
771 2569 967 2612 omnibus
997 2567 1267 2624 pertinentiis
1291 2563 1591 2608 ,libertatibus
1622 2566 1663 2604 et
1695 2560 1956 2604 aisiamentis
1986 2560 2072 2602 suis
2093 2560 2144 2602 de
2174 2574 2242 2602 me

288 2669 330 2707 et
350 2664 576 2707 heredibus
596 2662 701 2704 meis
717 2662 803 2703 sive
825 2661 929 2702 meis
951 2658 1178 2715 assignatis
1209 2657 1289 2699 sibi
1320 2660 1363 2699 et
1392 2653 1619 2698 heredibus
1652 2653 1737 2695 suis
1768 2652 1836 2694 vel
1866 2651 1951 2693 suis
1982 2651 2208 2707 assignatis
2230 2684 2239 2694 .

290 2756 420 2798 libere
459 2789 466 2797 .
506 2754 646 2809 quiete
689 2785 698 2793 .
741 2751 848 2793 bene
891 2784 899 2791 .
939 2753 979 2791 et
1013 2750 1180 2803 integre
1215 2748 1529 2802 inperpetuum.
1613 2743 1851 2785 Reddendo
1883 2742 1983 2783 inde
2018 2741 2242 2784 annuatim

290 2846 489 2889 abbathie
529 2845 582 2886 de
623 2843 827 2884 MARGAN
869 2842 975 2883 duos
1023 2840 1179 2882 solidos
1219 2836 1390 2893 argenti
1430 2836 1485 2877 ad
1535 2837 1718 2889 quatuor
1768 2833 1870 2875 anui
1921 2833 2126 2874 terminos
2165 2847 2241 2887 pro

290 2937 486 2980 omnibus
525 2935 649 2977 rebus
689 2934 804 2976 salva
844 2937 957 2974 secta
997 2931 1123 2973 curie.
1205 2929 1289 2971 Pro
1326 2927 1405 2969 hac
1445 2930 1590 2968 antem
1631 2924 1863 2967 donacione
1904 2923 2166 2966 concessione
2201 2926 2244 2965 et

290 3027 495 3084 presentis
545 3028 656 3067 carte
707 3022 1028 3066 confirmacione
1080 3020 1198 3062 dedit
1248 3018 1379 3060 michi
1419 3016 1633 3072 predictus
1685 3014 1971 3057 WILLELMUS
2020 3013 2242 3056 dimidiam
