2425 3423
297 302 411 344 2334

241 513 285 552 et
304 509 491 552 rivulum
514 508 793 551 CHENEWINI
816 541 824 549 .
849 511 891 550 et
911 507 1024 549 inter
1044 506 1156 548 viam
1179 520 1261 561 que
1284 504 1406 546 vadit
1427 519 1452 546 a
1471 503 1609 545 rivulo
1629 501 1752 546 VAm
1774 500 1896 544 'rins
1916 501 1972 543 ad
1992 499 2185 542 FONTEM

242 600 396 643 PETRE
429 634 438 643 .
471 603 513 642 et
544 599 696 642 VETUS
727 598 996 641 CASTELLUM
1027 612 1152 652 super
1181 596 1394 638 MAGNUM
1426 595 1628 636 Momm
1660 627 1669 635 .
1703 591 1826 634 Inter
1855 591 1957 633 istos
1983 590 2188 633 terminos

243 691 343 734 dedi
359 691 398 733 ei
413 706 529 733 acras
549 693 700 746 quater
719 689 877 746 viginti
895 722 903 730 .
921 692 1186 730 mensuratas
1202 688 1247 729 in
1264 696 1376 729 terra
1393 701 1474 742 que
1490 686 1596 728 solet
1611 683 1722 726 arari
1746 716 1754 724 .
1777 683 1838 724 ita
1859 686 1908 724 ut
1928 681 2189 737 incipiantur

242 782 479 825 mensurari
514 782 567 824 ab
603 781 818 825 occidente
857 814 865 823 .
903 783 946 822 et
980 779 1041 821 ita
1078 782 1125 821 ut
1156 779 1232 820 illa
1264 781 1378 820 terra
1413 777 1665 818 excludatur
1705 790 1730 817 a
1761 773 2075 816 mensuratione
2108 786 2190 827 que

243 873 489 916 extenditur
509 888 534 915 a
550 876 660 915 terre
681 887 834 928 aquose
851 871 1034 913 termino
1054 885 1199 913 versus
1214 869 1433 911 meridiem
1450 870 1493 909 et
1513 868 1568 909 ad
1589 866 1794 908 orientem
1815 864 1982 906 Foims
2002 862 2156 905 PETRE
2179 896 2188 905 .

244 964 371 1011 Quod
401 966 436 1006 si
476 963 536 1006 ibi
576 964 706 1006 fuerit
746 964 843 1019 plus
872 966 982 1005 terre
1019 976 1148 1017 quam
1178 964 1328 1015 quater
1359 958 1516 1014 viginti
1547 972 1663 999 acras
1703 957 1790 1011 (sie)
1827 989 1835 997 .
1868 955 1979 997 illud
2008 954 2195 997 habeant

242 1055 418 1098 heredes
438 1056 523 1098 mei
545 1090 553 1098 .
576 1055 621 1098 id
642 1058 705 1098 est
727 1088 736 1097 .
760 1056 843 1097 due
864 1054 950 1096 filie
970 1068 1063 1096 mee
1085 1056 1127 1095 et
1148 1051 1344 1094 dividant
1363 1051 1476 1092 inter
1497 1065 1539 1092 se
1561 1064 1658 1091 cum
1678 1047 1843 1102 reliqua
1862 1050 1986 1089 terra.

305 1146 452 1189 Testes
488 1181 496 1189 .
534 1146 664 1190 abbas
714 1147 767 1188 de
819 1145 1022 1187 MARGAN
1071 1178 1078 1186 .
1112 1143 1162 1185 O.
1205 1147 1247 1184 et
1286 1141 1546 1185 WALTERUS
1586 1140 1638 1181 de
1677 1137 1851 1181 CARmF
1884 1136 2115 1179 monachus
2147 1137 2200 1179 de

244 1238 449 1281 MARGAN
473 1272 482 1280 .
507 1237 634 1280 GLOU
657 1237 847 1280 sacerdos
864 1237 916 1278 de
936 1235 1068 1277 Novi
1092 1234 1241 1277 V1LLA
1265 1265 1274 1276 .
1297 1232 1486 1274 THOMAS
1508 1230 1698 1273 sacerdos
1719 1230 1771 1271 de
1798 1227 1949 1271 VILLA
1982 1227 2161 1270 STURMI
2185 1262 2193 1268 .

245 1330 526 1373 BERNARDUS
547 1329 737 1371 sacerdos
760 1361 768 1369 .
793 1326 1053 1370 WALTERUS
1073 1325 1317 1368 annLLUs
1341 1357 1349 1365 .
1376 1322 1608 1365 WALTERO
1628 1321 1716 1363 filio
1739 1319 1934 1363 WLRICI.

302 1422 412 1464 Fine
432 1421 551 1477 large
571 1421 710 1462 round
730 1420 828 1470 scal,
849 1419 925 1461 red
945 1432 1053 1469 waX,
1076 1431 1101 1458 a
1120 1416 1209 1457 lion
1230 1415 1460 1455 contomne‘.

790 1515 800 1533 ‘
822 1517 863 1558 -4-
903 1507 1144 1564 SIGILL[[†M
1178 1541 1186 1549 .
1222 1507 1408 1560 R(›]GER1
1443 1538 1450 1546 .
1484 1502 1679 1546 STURML'

304 1605 599 1649 Endorsed—‘
611 1603 739 1646 Carta
760 1601 923 1645 sturmi
943 1601 995 1642 de
1017 1597 1340 1654 desponsatione
1364 1595 1581 1639 Gunnilde
1603 1595 1746 1636 uxoris
1768 1593 1860 1636 sue'
1886 1627 1895 1637 .
1921 1594 2026 1636 ‘due
2049 1593 2165 1637 filie.'

1100 1805 1348 1849 MDCXII.

250 1920 733 1969 OONFIRMATION
792 1918 879 1962 BY
933 1916 1146 1960 ROGER
1205 1913 1458 1963 STURML
1519 1912 1649 1954 THE
1708 1911 2033 1964 YOUNGER,
2066 1911 2199 1959 SON

396 2015 474 2058 OF
519 2012 731 2056 ROGER
776 2008 1030 2060 STURMI,
1078 2006 1154 2049 ΤΟ
1191 2003 1469 2048 MARGAM
1512 2002 1729 2045 ABBEY
1771 2001 1850 2044 OF
1886 2001 2017 2044 THE
2055 2002 2201 2045 GIFT

397 2107 476 2150 OF
527 2104 704 2148 LAND
754 2101 841 2145 BY
890 2099 999 2143 HIS
1051 2093 1535 2141 GRANDFATHER
1586 2093 1657 2136 IN
1710 2093 2005 2144 MARGAM,
2058 2093 2202 2147 ETO„

403 2197 485 2241 AT
535 2194 711 2239 HALF
763 2193 807 2236 A
857 2190 1044 2235 MARK
1086 2187 1350 2232 YEARLY
1396 2184 1581 2228 RENT.

974 2298 1203 2353 [MARGAM
1234 2293 1490 2350 CHARTER]

1487 2400 1720 2443 Bmwssm
1755 2400 1867 2441 1193
1898 2414 1991 2442 ΛΝΒ
2023 2401 2147 2443 1218.

321 2520 531 2565 Omnibus
562 2518 716 2561 Sancte
747 2515 916 2558 ecclesie
945 2513 1045 2556 filiis
1074 2509 1340 2568 presentibus
1370 2511 1413 2551 et
1447 2507 1606 2549 futuris
1646 2506 1860 2549 Roomms
1891 2506 2067 2549 STURMI
2098 2509 2211 2552 filius

265 2615 448 2658 Rocfflm
481 2610 658 2653 Sinnin
680 2608 874 2650 salutem.

325 2703 477 2747 Sciatis
496 2717 564 2744 me
585 2700 833 2742 concessisse
853 2700 896 2739 et
916 2696 994 2738 hac
1014 2698 1130 2737 carta
1151 2693 1416 2735 confirmasse
1439 2689 1530 2731 Deo
1552 2692 1594 2730 et
1611 2688 1780 2730 ecclesie
1802 2687 1957 2731 Sancte
1978 2689 2139 2733 MARIE
2160 2693 2213 2735 de

268 2793 488 2839 MARGAN'
513 2827 521 2835 .
545 2796 587 2834 et
608 2789 825 2833 monachis
845 2788 1006 2830 ibidem
1026 2786 1121 2828 Deo
1138 2781 1418 2826 servientibus
1437 2780 1484 2821 in
1500 2778 1774 2821 elemosinam
1790 2779 2064 2822 donationem
2085 2796 2214 2837 quam

269 2888 371 2930 fecit
391 2887 450 2928 eis
473 2884 739 2927 GAUFRIDUS
757 2879 936 2922 STURMI
958 2892 1061 2919 avus
1081 2890 1200 2918 meus
1220 2875 1266 2916 in
1286 2876 1400 2915 terra
1415 2885 1544 2926 quam
1560 2869 1678 2912 dedit
1698 2869 1737 2911 ei
1753 2884 1890 2912 comes
1906 2869 2214 2915 &Loncns'rmn

269 2993 346 3035 pro
381 2975 554 3019 servicio
590 2988 665 3015 suo
697 2973 744 3014 in
779 2968 998 3012 MARGAN'
1035 3001 1044 3010 .
1083 2967 1191 3009 sicut
1226 2966 1341 3007 carta
1376 2962 1510 3018 ipsius
1540 2975 1669 3016 quam
1699 2960 1896 3003 monachi
1925 2962 2025 3004 inde
2055 2962 2215 3008 habent

270 3072 463 3113 testatur.
526 3062 721 3108 Concessi
740 3062 870 3105 etiam
890 3061 948 3102 eis
969 3063 1012 3101 et
1032 3056 1277 3101 confirmavi
1298 3055 1344 3097 in
1374 3053 1648 3096 elemosinam
1678 3065 1824 3094 omnes
1853 3051 2102 3097 donationes
2134 3088 2142 3097 .
2175 3058 2219 3098 et
