2425 3423
1917 291 2026 333 2311

135 492 295 535 MAROE
326 496 369 536 et
392 494 609 537 monachis
639 495 691 536 de
723 493 925 536 MARGAN
956 527 964 535 .
998 496 1132 535 totam
1160 497 1317 536 terram
1345 493 1572 537 PmrEmN
1608 510 1690 551 que
1717 496 1803 539 fuit
1829 496 2082 541 KETHEREC

136 584 269 640 patris
289 585 372 626 mei
393 600 475 641 que
490 599 558 627 me
573 585 669 640 jure
690 585 943 627 hereditario
959 584 1173 639 contingit
1192 617 1200 625 .
1217 584 1262 626 in
1280 599 1432 638 puram
1447 588 1490 627 et
1510 589 1759 642 perpetuam
1775 588 2048 632 elemosinam
2071 624 2079 632 .

135 689 232 718 cum
252 675 448 718 omnibus
468 675 737 731 pertinentiis
756 675 842 718 suis
863 681 905 717 et
926 674 1193 717 libertatibus
1216 709 1224 716 .
1248 679 1297 717 ut
1317 675 1503 718 habeant
1525 679 1567 719 et
1588 681 1765 720 teneant
1791 693 1885 720 eam
1905 679 2082 722 liberam

137 768 179 807 et
212 765 400 821 quietam
433 767 485 808 ab
518 767 634 809 omni
666 766 842 809 seculari
877 766 1050 808 servicio
1085 770 1127 807 et
1160 767 1465 809 consuetudine
1500 773 1542 809 et
1570 767 1788 810 exactione
1818 803 1826 811 .
1858 769 1965 812 sicut
1992 771 2082 813 ulla

136 856 363 898 elemosina
396 857 569 899 liberius
603 892 611 900 .
647 857 794 900 haberi
831 862 872 900 et
912 857 1047 899 teneri
1087 861 1237 911 potest.
1314 857 1374 898 Et
1416 857 1493 899 hoc
1534 857 1753 901 sciendum
1795 893 1803 901 .
1847 861 1961 915 quod
2001 876 2080 917 ego

138 945 419 989 TATHERECH
457 951 500 990 et
536 951 730 1004 parentes
761 948 844 990 mei
872 947 1110 1003 juravimus
1141 963 1266 1003 super
1294 948 1534 990 sanctuaria
1562 949 1732 991 ecclesie
1759 950 1811 992 de
1839 950 2044 994 MARGAN
2072 987 2079 995 .

133 1036 243 1079 hanc
263 1038 537 1080 donationem
558 1039 756 1093 predictis
784 1039 1000 1080 monachis
1025 1042 1228 1094 perpetuo
1255 1040 1617 1082 manutenendam
1647 1043 1689 1082 et
1720 1042 2079 1086 warentizandam

138 1131 284 1170 contra
304 1143 449 1171 omnes
468 1129 660 1171 homines
681 1130 789 1171 sicut
810 1129 1083 1171 elemosinam
1105 1133 1306 1172 nostram.

196 1219 299 1261 Hiis
338 1219 516 1261 testibus
558 1254 566 1261 .
611 1219 731 1262 Rnso
772 1219 870 1262 0οΗ
904 1255 911 1262 .
945 1220 1152 1262 ElNNIAU
1193 1221 1282 1263 filio
1314 1221 1455 1263 anm
1488 1254 1496 1263 .
1530 1221 1677 1265 Imm
1703 1223 1790 1266 filio
1822 1224 1985 1267 RIWEL
2010 1259 2017 1267 .
2041 1229 2083 1268 et

139 1309 393 1352 KETHEREC
413 1310 546 1352 fratre
567 1310 661 1366 ejus
685 1346 692 1353 .
717 1311 992 1355 WALAUETH
1014 1311 1145 1354 CRAH
1168 1346 1176 1354 .
1202 1312 1347 1355 GILLE
1370 1311 1483 1354 Sms.

1016 1502 1237 1547 MDXOI.

140 1600 624 1644 OONFIRMATION
700 1601 788 1644 BY
863 1601 1240 1653 OONSTANOE,
1321 1602 1554 1646 WIDOW
1634 1603 1712 1646 OF
1787 1603 2089 1649 HERBERT

286 1683 586 1736 chRLAG,
643 1684 718 1726 ΤΟ
784 1684 1061 1727 MARGAM
1130 1685 1358 1736 ABBEY,
1424 1685 1502 1727 OF
1574 1685 1704 1728 THE
1767 1686 1944 1731 GIFTs
2012 1688 2091 1731 OF

283 1766 486 1810 DAVID
527 1766 828 1819 SOURLAG,
878 1767 1014 1810 ΗΕΒ
1052 1767 1168 1810 SON
1210 1767 1282 1809 IN
1323 1767 1643 1811 LANKEWI.

853 1866 1084 1923 [MARGAM
1119 1866 1375 1923 CHARTER]

1464 1943 1623 1984 EARLY
1654 1943 1771 1985 13T11
1800 1942 2031 1986 CENTURY.

195 2041 404 2084 Omnibus
445 2056 474 2084 s.
518 2056 553 2083 e.
597 2041 626 2083 f.
671 2057 707 2083 a.
752 2056 792 2097 q.
835 2056 874 2096 p.
919 2056 948 2083 s.
993 2041 1245 2096 pervenerit,
1289 2040 1572 2083 CONSTANTIA
1622 2041 1751 2084 vidua
1792 2041 2086 2099 HE[R]BERT1

140 2131 360 2184 Somnum,
384 2132 576 2174 salutem.

197 2222 378 2265 Noverit
399 2223 652 2265 universitas
672 2227 810 2265 vestra
831 2238 898 2265 me
925 2223 1171 2265 concessisse
1193 2226 1235 2265 et
1266 2223 1343 2265 hac
1363 2223 1549 2278 presenti
1570 2227 1685 2265 carta
1713 2224 1978 2267 confirmasse
1998 2224 2092 2267 Deo

137 2317 179 2356 et
210 2314 427 2356 monachis
460 2315 512 2356 de
537 2314 741 2356 MARGAN
766 2329 841 2370 pro
874 2314 1009 2356 salute
1037 2315 1177 2356 anime
1206 2313 1450 2355 HERBERTI
1478 2313 1684 2356 SCURLAG
1716 2314 1860 2357 mariti
1891 2315 1975 2357 mei
2005 2348 2013 2357 .
2047 2318 2089 2358 et

134 2419 210 2460 pro
232 2405 367 2447 salute
391 2405 536 2447 anime
566 2420 657 2447 mee
689 2408 731 2447 et
759 2405 943 2447 filiorum
968 2439 976 2447 .
1000 2420 1145 2447 omnes
1173 2405 1422 2447 donationes
1443 2410 1484 2446 et
1505 2404 1803 2447 conventiones
1823 2406 1876 2446 de
1897 2409 2008 2448 terra
2030 2407 2082 2448 de

135 2495 365 2538 LANKEW1
388 2511 491 2551 quas
513 2496 668 2538 DAvm
693 2495 900 2539 SCURLAG
922 2496 1033 2537 filius
1059 2511 1175 2537 meus
1196 2495 1255 2537 eis
1280 2495 1393 2546 fecit,
1416 2494 1633 2537 habendas
1663 2498 1704 2537 et
1730 2497 1936 2538 tenendas
1955 2495 2086 2538 libere

135 2589 178 2628 et
209 2586 379 2641 pacifice
416 2587 461 2628 in
497 2596 750 2643 perpetuum
787 2620 794 2627 .
827 2602 901 2641 per
926 2587 1067 2628 omnia
1101 2590 1141 2628 et
1175 2586 1220 2627 in
1253 2585 1450 2628 omnibus
1485 2585 1592 2628 sicut
1625 2589 1740 2628 carta
1772 2586 1904 2641 ipsius
1931 2586 2086 2629 DAVID

135 2680 328 2720 testatur.

192 2768 278 2810 His
313 2768 491 2811 testibus
529 2803 536 2811 .
582 2769 737 2811 DAvm
778 2768 986 2811 SCURLAG
1034 2768 1121 2810 filio
1162 2782 1254 2810 meo
1293 2800 1301 2809 .
1337 2766 1505 2809 THOMA
1540 2766 1746 2809 SCURLAG
1780 2767 1912 2810 fratre
1947 2769 2042 2824 ejus
2075 2803 2082 2812 .

136 2858 322 2901 RanRo
344 2860 396 2901 de
417 2859 721 2901 PORTENIAUN
749 2893 757 2900 .
792 2859 1004 2901 ROBERTO
1028 2892 1036 2901 .
1060 2862 1102 2901 et
1124 2857 1314 2901 Smsnffl.

846 2949 982 2978 Hei-bert
1004 2948 1385 2986 Scurlangonstantia.

585 3076 689 3104 David
710 3041 855 3111 ificurlng.
1400 3036 1548 3103 Thomas¹
1564 3073 1709 3110 Scurlag.
