2425 3423
331 270 445 311 2344

264 490 340 532 pro
365 477 510 519 decem
542 475 727 517 denariis
748 479 790 517 et
819 474 942 516 obolo
974 508 983 516 .
1017 474 1078 516 Et
1102 489 1265 516 moram
1294 489 1375 529 que
1406 473 1645 529 appellatur
1672 472 1863 514 RHEDEs
1891 473 1946 514 ad
1970 472 2213 527 aquilonem

269 570 379 609 terre
400 566 615 609 Hneoms
637 567 689 608 de
710 564 982 607 HEREFORD'
1021 599 1030 607 .
1065 564 1125 607 Et
1145 568 1303 608 terram
1324 580 1406 620 que
1426 564 1540 620 jacet
1560 564 1614 605 ad
1630 563 1872 618 aquilonem
1893 562 2085 618 ejusdem
2100 577 2217 606 more

268 656 381 699 inter
405 659 563 699 terram
589 656 777 699 STURMY
800 659 842 697 et
869 655 998 697 aliam
1028 659 1185 697 terram
1216 657 1502 712 predictorum
1530 654 1832 697 monachorum
1857 669 1990 710 usque
2017 656 2072 697 ad
2101 655 2216 697 viam

269 747 396 803 juxta
418 746 566 790 CATTE
589 747 742 789 PUTTE
764 761 846 802 que
867 746 986 788 vadit
1006 747 1061 788 ad
1081 745 1285 789 MARGAN
1319 780 1328 789 .
1361 746 1422 789 Et
1451 749 1587 788 totam
1617 760 1886 788 communam
1915 748 2085 802 pasture
2105 746 2218 788 inter

270 837 496 881 KENEFEG
519 841 560 880 et
584 837 920 879 HUGGEMORAM
953 871 962 879 .
994 836 1055 878 Et
1075 840 1210 879 totam
1231 837 1504 880 donationem
1525 837 1568 878 N
1573 850 1755 878 ICHOLAI
1777 835 1940 878 Pom-11
1962 835 2008 877 in
2028 836 2218 878 manerio

265 930 318 971 de
353 928 593 971 TOKINTUN
635 943 731 970 cum
771 927 968 970 omnibus
1008 928 1277 983 pertinentiis
1324 961 1333 969 .
1385 928 1446 970 Et
1478 927 1752 970 donationem
1794 926 1993 969 OSBERNI
2034 926 2124 969 Bos
2163 928 2217 969 de

267 1035 355 1062 una
375 1035 471 1062 acra
492 1023 535 1062 et
556 1019 736 1061 dimidia
755 1021 798 1061 et
814 1034 902 1061 una
922 1018 1057 1061 crofta
1089 1053 1098 1061 .
1131 1018 1192 1061 Et
1214 1019 1490 1064 donationem
1511 1019 1760 1061 WILLELMI
1794 1019 1847 1060 de
1868 1018 2146 1060 HERDECOTE
2167 1019 2220 1061 de

266 1125 353 1152 una
373 1125 469 1153 acra
490 1112 599 1152 terre
632 1143 642 1152 .
678 1110 739 1152 Et
769 1109 1048 1152 donationem
1080 1108 1276 1151 RICARDI
1308 1111 1360 1152 de
1391 1109 1711 1152 SAUTEMARms
1742 1111 1794 1152 de
1824 1125 1911 1152 una
1931 1125 2026 1152 acra
2046 1112 2156 1152 terre
2175 1113 2218 1153 et

267 1201 446 1243 dimidia
466 1234 474 1242 .
499 1204 542 1243 et
564 1201 842 1243 donationem
861 1200 891 1244 J
894 1215 1082 1242 OHANNE
1104 1201 1156 1242 de
1176 1216 1262 1242 una
1283 1216 1380 1243 acra
1399 1201 1512 1257 prati
1535 1235 1543 1243 .
1568 1201 1628 1243 Et
1649 1201 1922 1243 donationem
1942 1200 2218 1243 ALEXANDRI

263 1291 515 1334 CHEVEREL
538 1293 590 1334 de
612 1307 699 1334 una
719 1307 815 1334 acra
836 1294 949 1334 terre
971 1291 1143 1334 arabilis
1175 1326 1183 1334 .
1217 1291 1278 1334 Et
1298 1292 1573 1334 donationem
1604 1291 1853 1334 WILLELMr
1882 1291 2143 1334 OAMERARII
2164 1293 2217 1336 de

263 1382 543 1438 heremitagio
569 1382 723 1425 Sancte
745 1383 995 1425 MILBURGE
1019 1398 1116 1425 cum
1136 1383 1298 1439 capella
1319 1386 1362 1425 et
1383 1383 1580 1426 omnibus
1609 1383 1878 1426 libertatibus
1911 1416 1919 1424 .
1951 1383 2012 1426 Et
2033 1398 2086 1426 ex
2107 1383 2218 1427 dono

264 1473 489 1518 WALTERI
520 1475 572 1517 de
604 1474 758 1517 Rmm
790 1475 1037 1530 quindecim
1067 1490 1183 1517 acras
1211 1475 1338 1530 juxta
1368 1474 1669 1517 BLAKEBURG'
1704 1509 1712 1517 .
1746 1473 1806 1516 Et
1837 1489 1890 1516 ex
1920 1475 2031 1516 dono
2053 1473 2217 1517 comitis

264 1564 521 1608 W1LLELM1
545 1580 683 1607 unum
704 1565 964 1622 burgagium
984 1566 1029 1607 in
1051 1565 1182 1607 Novo
1204 1565 1379 1608 BURGO.

320 1655 520 1698 Preterea
542 1656 727 1698 concessi
757 1657 882 1699 dictis
914 1657 1131 1699 monachis
1160 1657 1401 1699 libertatem
1433 1660 1475 1699 et
1505 1657 1784 1712 quietantiam
1824 1658 1876 1699 de
1916 1657 2112 1700 theloneo
2142 1672 2217 1713 per

261 1761 407 1789 omnes
428 1762 542 1789 meos
574 1747 731 1803 burgos
763 1749 816 1790 de
849 1748 1046 1790 omnibus
1076 1747 1201 1790 rebus
1232 1763 1336 1804 quas
1365 1748 1446 1803 ipsi
1477 1748 1544 1789 vel
1565 1747 1757 1790 homines
1779 1748 1853 1803 qui
1874 1751 1974 1790 sunt
1994 1749 2049 1790 ad
2069 1762 2216 1790 eorum

263 1842 569 1894 manupastum
594 1839 865 1882 vendiderint
885 1839 952 1881 vel
974 1839 1154 1882 emerint
1175 1840 1229 1881 ad
1249 1855 1350 1881 usus
1374 1840 1576 1895 proprios.

325 1928 521 1971 Concessi
553 1929 727 1985 insuper
757 1933 798 1972 et
831 1930 1085 1972 confirmavi
1115 1930 1273 1972 eisdem
1304 1945 1400 1971 cum
1439 1929 1707 1972 libertatibus
1748 1945 1853 1985 quas
1892 1930 1995 1973 dicti
2024 1929 2222 1973 monachi

264 2019 425 2062 habent
446 2021 491 2062 in
514 2020 720 2063 MARGAN
752 2022 866 2076 quod
901 2021 1143 2077 ubicunque
1164 2026 1296 2064 terras
1326 2026 1369 2064 et
1398 2022 1676 2077 possessiones
1706 2022 1758 2063 de
1789 2022 1918 2063 feudo
1947 2036 2042 2064 meo
2061 2021 2222 2065 habent

266 2110 334 2152 vel
354 2110 574 2153 habebunt
595 2112 647 2153 de
667 2112 784 2154 omni
813 2113 968 2168 placito
1000 2117 1042 2155 et
1072 2113 1288 2156 forisfacto
1320 2114 1433 2169 quod
1463 2113 1508 2154 in
1539 2113 1661 2155 terris
1691 2127 1836 2155 eorum
1867 2113 2067 2165 evenerit,
2099 2128 2219 2156 suam

272 2200 459 2244 habeant
481 2203 644 2244 curiam
677 2237 685 2245 .
718 2203 779 2245 Et
800 2204 835 2245 si
856 2204 1013 2259 aliquis
1040 2205 1092 2246 de
1123 2203 1369 2246 tenentibus
1395 2204 1585 2260 ipsorum
1613 2219 1688 2259 per
1712 2203 1918 2246 feloniam
1947 2205 2082 2246 vitam
2101 2204 2224 2247 foris-

267 2291 416 2334 fecerit
438 2296 480 2335 et
503 2293 710 2349 placitum
732 2299 852 2336 extra
876 2295 1037 2337 curiam
1058 2310 1204 2337 eorum
1223 2295 1356 2337 fuerit
1379 2329 1387 2337 .
1410 2298 1523 2337 terra
1544 2298 1585 2336 et
1606 2295 1758 2336 catalla
1784 2294 1874 2337 sine
1890 2295 2223 2338 contradictione

265 2384 484 2426 monachis
514 2388 766 2427 remaneant
803 2389 1013 2441 quantum
1044 2387 1098 2428 ad
1128 2401 1196 2428 me
1227 2390 1269 2428 et
1300 2387 1354 2428 ad
1384 2386 1559 2428 heredes
1588 2401 1703 2428 meos
1734 2386 1921 2441 pertinet
1953 2419 1962 2428 .
1997 2386 2058 2428 Et
2082 2401 2228 2429 omnes

268 2475 589 2517 emendationes
611 2478 653 2518 et
675 2476 994 2519 melioraciones
1010 2492 1116 2533 quas
1136 2478 1182 2519 in
1203 2477 1333 2520 feudo
1356 2478 1411 2519 ad
1430 2492 1497 2519 me
1518 2480 1561 2519 et
1583 2477 1637 2519 ad
1658 2477 1833 2520 heredes
1852 2492 1966 2520 meos
1987 2478 2226 2534 pertinente

267 2564 406 2607 facere
429 2569 608 2620 possunt
630 2569 719 2608 tam
739 2567 786 2609 in
804 2568 928 2610 terris
952 2583 1080 2623 quam
1102 2569 1147 2610 in
1170 2568 1291 2624 aquis
1314 2601 1322 2610 .
1345 2568 1603 2610 molendinis
1625 2601 1633 2610 .
1657 2568 1847 2624 piscariis
1879 2602 1888 2610 .
1921 2570 2107 2622 vivariis,
2138 2570 2226 2613 sive

270 2655 316 2698 in
337 2656 463 2698 rebus
485 2657 579 2699 aliis
601 2659 783 2700 concessi
806 2662 855 2701 ut
875 2659 1007 2701 libere
1026 2664 1068 2701 et
1090 2660 1181 2702 sine
1202 2660 1426 2702 vexatione
1446 2660 1619 2701 faciant.

330 2747 428 2789 Hec
452 2751 596 2790 autem
619 2750 762 2791 omnia
783 2750 972 2805 predicta
1001 2751 1047 2792 in
1077 2751 1201 2793 terris
1231 2751 1414 2793 ecclesiis
1444 2750 1682 2793 redditibus
1712 2751 1984 2795 libertatibus
2013 2756 2055 2795 et
2085 2752 2230 2796 liberis

274 2839 655 2882 consuetudinibus
677 2841 776 2882 dedi
798 2841 980 2883 concessi
1001 2844 1044 2883 et
1065 2842 1312 2884 confirmavi
1343 2842 1565 2897 sepedictis
1595 2842 1813 2884 monachis
1842 2846 1891 2884 ut
1921 2858 1970 2885 ea
1999 2842 2186 2885 habeant
2217 2876 2226 2886 .

273 2932 450 2971 teneant
489 2934 531 2971 et
573 2931 818 2985 possideant
857 2932 903 2973 in
944 2947 1096 2987 puram
1137 2938 1180 2975 et
1220 2936 1470 2988 perpetuam
1511 2933 1786 2975 elemosinam
1826 2933 1934 2976 sicut
1973 2933 2147 2976 liberius
2186 2936 2230 2976 et

275 3019 460 3073 quietius
481 3024 659 3075 possunt
681 3022 824 3077 aliqua
845 3038 870 3064 a
889 3023 991 3065 viris
1017 3024 1226 3079 religiosis
1256 3024 1459 3079 possideri
1492 3058 1500 3066 .
1534 3028 1577 3066 et
1606 3024 1714 3066 sicut
1744 3023 1918 3066 liberius
1950 3025 2016 3067 vel
2047 3024 2232 3080 quietius
