2425 3423
1933 299 2044 341 2191

213 506 420 550 Perconi)
461 541 470 549 .
512 507 649 549 nativi
697 508 888 549 tenentes
939 538 948 548 .
1000 504 1029 548 J
1032 518 1241 546 OHANNES
1292 503 1450 546 PAYNE
1501 508 1543 547 et
1593 505 1832 547 JOHANNES
1883 504 2102 557 MORGAN,

155 600 318 650 tenent,
349 601 428 641 etc.

213 687 365 730 Nativi
385 691 578 731 tenentes
599 689 650 730 de
671 687 848 730 SEATON
881 721 890 730 .
923 686 1113 730 THOMAs
1134 702 1187 743 ap
1207 686 1237 729 J
1240 700 1391 728 EAVAN
1413 685 1618 737 Wmm,
1641 689 1771 738 tenet,
1795 690 1873 728 etc.

212 777 364 820 Nativi
383 780 576 820 tenentes
595 778 648 820 de
667 776 713 820 N
715 790 996 819 ORTHDOWNE
1020 809 1028 818 .
1052 775 1309 819 Wfflzmus
1330 791 1383 831 ap
1400 775 1534 818 EVAN
1551 781 1594 818 et
1610 775 1775 819 Ricnus
1791 791 1845 832 ap
1861 776 1891 819 J
1893 791 2001 828 0HN,
2019 780 2096 819 etc,

213 867 366 910 Nativi
384 870 577 910 tenentes
597 869 649 911 de
671 867 1053 911 SowTHERnowNE
1076 900 1085 909 .
1107 867 1249 910 ANNA
1270 866 1492 919 HOWELL,
1513 867 1657 919 vidua,
1678 870 1809 919 tenet,
1832 870 1910 910 etc.

213 957 366 1000 Nativi
385 961 578 1001 tenentes
598 959 650 1001 de
671 957 863 1000 OGMORE
884 958 986 1000 villa
1009 993 1017 1000 .
1042 957 1276 1001 GWAmcIA
1298 957 1486 1009 WATER,
1509 958 1651 1009 vidua,
1673 960 1804 1010 tenet,
1827 961 1904 1000 etc.

213 1048 260 1092 N
261 1048 366 1091 ativi
386 1051 578 1091 tenentes
598 1050 650 1091 de
671 1048 810 1092 WICK
832 1082 840 1090 .
864 1049 1110 1091 HUGONIUS
1131 1048 1404 1100 STRADLING,
1426 1051 1556 1101 tenet,
1579 1051 1656 1091 eto.

212 1140 330 1182 Nota
365 1139 478 1194 quod
510 1138 688 1194 quilibet
718 1139 896 1182 istorum
920 1140 1161 1182 nativorum
1187 1140 1426 1182 tenentium
1459 1141 1675 1195 quondam
1700 1139 1891 1182 solebant
1922 1141 2098 1182 reddere

156 1246 233 1288 pro
253 1229 443 1286 quolibet
470 1233 713 1272 tenemento
738 1231 982 1273 continente
1007 1231 1295 1287 messuagium
1322 1234 1365 1273 et
1389 1231 1612 1273 duodecim
1643 1246 1758 1273 acras
1782 1233 1892 1274 terre
1920 1246 1992 1273 1213.
2025 1246 2099 1287 per

156 1336 319 1366 annum
340 1324 382 1363 et
402 1335 488 1362 non
509 1321 691 1376 amplius
711 1322 904 1364 terminis
923 1321 1103 1374 usitatis,
1125 1325 1168 1364 et
1187 1337 1263 1377 pro
1283 1322 1466 1364 lardario
1486 1322 1650 1364 domini
1670 1324 1780 1364 XIJd.
1804 1325 1846 1364 et
1867 1321 2026 1364 arrabit
2046 1323 2100 1364 ad

156 1427 293 1455 unum
313 1412 427 1454 diem
447 1412 514 1453 vel
536 1411 654 1453 dabit
671 1415 768 1454 11Jd.
792 1415 835 1453 et
855 1412 923 1453 hic
944 1411 1077 1454 ambit
1098 1427 1194 1454 cum
1214 1427 1299 1454 uno
1327 1427 1434 1467 equo
1467 1413 1534 1454 vel
1564 1411 1680 1455 dabit
1718 1427 1823 1468 opus
1854 1415 1915 1455 Jd.
1954 1416 1996 1455 et
2031 1413 2099 1455 hic

158 1503 294 1547 ambit
313 1504 369 1545 ad
389 1503 635 1544 semendum
656 1503 723 1544 vel
748 1501 866 1544 dabit
897 1517 1002 1558 opus
1033 1505 1127 1554 md„
1159 1505 1201 1544 et
1229 1502 1447 1545 triturabit
1474 1504 1529 1545 ad
1561 1505 1809 1546 semendum
1836 1503 2103 1546 frumentum

159 1595 228 1638 vel
258 1594 376 1636 dabit
416 1609 522 1649 opus
561 1593 821 1649 quadrantis,
858 1595 901 1635 et
935 1593 1162 1635 sarculabit
1198 1608 1272 1648 pro
1308 1596 1469 1649 septem
1508 1592 1657 1635 diebus
1691 1593 1818 1636 blada
1859 1594 2022 1637 domini
2061 1599 2104 1636 et

158 1686 273 1728 valet
297 1700 402 1741 opus
433 1687 530 1726 11Jd.
565 1686 622 1725 ob.
658 1684 770 1739 (vizt.
803 1685 859 1726 ob.
886 1699 961 1739 per
993 1684 1139 1738 diem),
1168 1683 1343 1726 falcabit
1368 1683 1590 1725 dimidiam
1617 1699 1758 1726 acram
1784 1685 1897 1739 prati
1924 1689 1966 1727 et
1990 1685 2105 1727 valet

159 1792 265 1833 opus
285 1779 380 1828 md„
402 1778 445 1818 et
465 1776 679 1830 disperget
700 1775 826 1822 idem,
850 1780 891 1816 et
914 1775 1024 1816 valet
1046 1789 1150 1830 opus
1170 1789 1244 1830 per
1264 1774 1377 1816 diem
1398 1775 1659 1829 quadrantis,
1681 1775 1852 1831 colliget
1874 1779 1916 1817 et
1946 1775 2106 1818 levabit

159 1867 325 1911 faenum
357 1866 521 1908 domini
550 1881 624 1921 per
651 1865 839 1920 quinque
867 1865 956 1907 dies
992 1868 1034 1907 et
1065 1865 1177 1907 valet
1212 1880 1316 1920 opus
1350 1868 1427 1907 1Jd.
1458 1867 1516 1907 ol).
1551 1865 1664 1920 (vizt.
1703 1868 1760 1908 ob.
1787 1881 1863 1921 per
1887 1866 2035 1921 diem),
2065 1870 2108 1909 et

161 1958 347 2015 portabit
369 1959 531 2000 faenum
553 1957 715 1999 domini
735 1971 809 2012 per
829 1960 913 1998 tres
933 1956 1022 1998 dies
1043 1961 1084 1998 et
1106 1956 1218 1998 valet
1239 1971 1344 2011 opus
1365 1959 1462 1998 11Jd.
1487 1958 1544 1999 ob.
1573 1956 1685 2009 (vizt.
1708 1960 1768 1998 Jd.
1788 1958 1846 1998 ob.
1869 1972 1945 2012 per
1960 1957 2108 2012 diem),

160 2053 293 2093 metet
314 2054 356 2092 et
378 2048 530 2104 ligabit
551 2063 682 2090 unam
703 2062 841 2089 acram
863 2049 906 2089 et
925 2047 1148 2089 dimidiam
1168 2047 1374 2089 frumenti
1404 2051 1446 2089 et
1477 2047 1590 2089 valet
1619 2061 1724 2102 opus
1755 2050 1865 2089 VIJd.
1900 2049 1958 2089 ob.
1990 2049 2105 2102 (vizt.

161 2145 229 2184 vd.
253 2157 327 2197 per
346 2140 521 2194 acram),
543 2142 674 2181 metet
695 2142 737 2179 et
757 2137 910 2193 ligabit
941 2152 1072 2179 unam
1100 2153 1240 2180 acram
1273 2141 1315 2179 et
1346 2138 1569 2180 dimidiam
1601 2152 1833 2180 avenarum
1867 2139 2031 2180 domini
2067 2141 2108 2180 et

160 2232 274 2274 valet
295 2246 399 2286 opus
420 2233 510 2272 VJd.
543 2229 655 2284 (vizt.
680 2231 777 2270 ΠΜ.
802 2243 876 2283 per
896 2231 1066 2280 acram),
1089 2232 1130 2270 et
1160 2231 1291 2270 metet
1322 2229 1376 2270 ad
1403 2228 1590 2283 precaria
1615 2229 1780 2271 domini
1810 2243 1885 2284 per
1917 2229 2106 2284 quinque

160 2324 249 2366 dies
270 2338 366 2366 cum
387 2321 551 2364 duobus
571 2319 814 2362 hominibus
836 2320 890 2360 ad
910 2317 1051 2360 cibum
1071 2319 1234 2361 domini
1255 2322 1298 2361 et
1318 2319 1430 2361 valet
1450 2334 1556 2374 opus
1576 2321 1662 2370 xcl„
1686 2322 1727 2361 et
1747 2319 1935 2374 portabit
1962 2319 2106 2362 bladia

160 2414 323 2457 domini
343 2414 398 2456 ad
418 2413 682 2454 voluntatem
702 2409 864 2452 domini
884 2410 952 2451 vel
972 2409 1091 2451 dabit
1113 2412 1221 2461 md„
1243 2413 1286 2451 et
1305 2409 1493 2465 portabit
1512 2410 1790 2452 maeremium
1818 2411 1981 2453 domini
2008 2425 2104 2453 cum

158 2504 292 2548 bobus
313 2504 398 2547 suis
419 2503 486 2545 vel
507 2501 626 2544 dabit
646 2516 720 2556 pro
742 2515 865 2555 opere
886 2514 960 2542 suo
981 2503 1051 2542 IJd
1079 2533 1088 2542 .
1122 2500 1356 2556 Reparabit
1376 2500 1568 2557 gurgites
1588 2504 1631 2543 et
1650 2503 1853 2557 stagnum
1868 2502 2104 2544 molendini

155 2611 251 2639 cum
291 2595 438 2638 multis
477 2593 571 2635 aliis
611 2591 805 2644 servitiis,
837 2605 933 2645 quae
968 2592 1142 2646 quidem
1174 2591 1344 2633 servitia
1377 2606 1490 2634 nunc
1523 2595 1748 2634 occurrunt
1783 2592 1830 2634 in
1863 2592 2102 2635 redditibus

160 2686 411 2743 supradictis
443 2719 450 2726 .
484 2682 555 2725 Ita
575 2682 687 2737 quod
718 2680 896 2736 quilibet
928 2685 1077 2752 tenens
1111 2697 1224 2724 nunc
1256 2681 1330 2737 qui
1349 2684 1467 2724 tenet
1486 2697 1624 2724 unum
1644 2686 1937 2725 tenementum
1963 2684 2095 2738 (vizt.)

160 2777 382 2821 duodecim
414 2789 529 2816 acras
563 2780 686 2814 terrae
717 2771 874 2814 nativae
904 2773 1018 2827 apud
1043 2771 1181 2815 chK
1210 2773 1359 2814 reddet
1386 2773 1486 2814 inde
1513 2789 1588 2829 per
1620 2788 1783 2815 annum
1811 2788 1933 2815 VIIJS.
1966 2777 2097 2816 vum.

160 2883 297 2912 unum
318 2866 539 2909 denarium
559 2878 635 2919 pro
655 2866 828 2918 pastura
847 2862 976 2906 libere
997 2878 1121 2919 super
1140 2863 1209 2906 LE
1232 2864 1422 2906 GREENE
1444 2865 1560 2920 apud
1581 2864 1719 2908 WICK
1745 2868 1787 2906 et
1816 2864 1907 2906 vias
1926 2863 2099 2917 ibidem,

161 2963 204 3002 et
219 2959 276 3001 sic
293 2955 471 3012 quilibet
488 2968 633 2995 eorum
649 2953 881 2995 secundum
897 2954 1180 3008 quantitatem
1196 2958 1359 2997 tenurae
1376 2955 1604 3011 cujuslibet
1624 2955 1859 2997 tenementi
1880 2960 1922 2997 et
1942 2955 2101 2998 facient

163 3047 366 3106 sect[am]
392 3046 504 3089 curie
525 3048 567 3087 et
587 3044 833 3095 molendini,
860 3048 903 3087 et
932 3046 986 3088 ad
1012 3049 1190 3088 mortem
1224 3046 1453 3103 cujuslibet
1485 3047 1669 3089 tenentis
1701 3046 1875 3089 habebit
1906 3048 2104 3090 dominus
