2425 3423
347 289 460 330 2374

1108 497 1424 540 MDCXLIII.

287 633 706 680 SETTLEMENT
747 632 826 675 OF
867 630 999 674 THE
1034 630 1261 673 MANOR
1297 630 1432 673 AND
1469 627 1825 672 ADVOWSON
1860 628 1938 670 OF
1975 627 2238 672 OXWICH

440 743 526 786 BY
562 740 815 785 ROBERT
850 738 936 782 DE
974 737 1220 780 PENRES
1257 738 1341 780 ΟΝ
1378 737 1486 780 HIS
1518 736 1635 780 SON
1666 735 1836 780 JOHN
1867 736 1952 778 DE
1985 735 2243 788 PENRES,

440 851 620 896 WITH
663 847 926 892 SPEOIAL
966 846 1385 889 REMAINDERS
1427 845 1498 887 IN
1542 844 1693 887 TAIL
1735 843 1926 886 MALE.

1005 979 1236 1036 [MARGAM
1274 977 1530 1035 CHARTER]

1435 1082 1460 1120 7
1493 1078 1598 1121 ιΪΑΝ.
1663 1080 1716 1119 14
1747 1077 1874 1120 Enw.
1908 1077 1999 1120 III.
2065 1079 2189 1120 1341.

353 1220 498 1262 Sciant
528 1221 742 1273 presentes
769 1219 812 1258 et
842 1214 979 1257 futuri
1015 1214 1128 1268 quod
1160 1227 1239 1268 ego
1283 1212 1523 1253 ROBERTUS
1554 1212 1605 1253 de
1637 1210 1819 1252 PExm-:s
1849 1211 1960 1263 dedi,
1984 1212 2178 1264 concessi,
2209 1215 2253 1254 et

294 1314 372 1354 hac
393 1310 580 1367 presenti
601 1312 717 1352 carta
737 1322 831 1349 mea
853 1304 1101 1349 confirmavi
1129 1303 1157 1346 J
1161 1318 1336 1345 OHANNI
1361 1304 1413 1345 de
1436 1302 1620 1344 PENREs
1642 1302 1728 1344 filio
1744 1317 1839 1343 meo
1855 1306 1995 1344 totum
2014 1303 2254 1345 manerium

295 1406 346 1446 de
369 1403 646 1446 Oxmwmm
679 1400 804 1442 simul
825 1413 921 1440 cum
953 1396 1231 1438 advocacione
1254 1395 1438 1436 ecclesiae
1470 1394 1666 1449 ejusdem
1688 1393 1868 1448 manerij
1905 1408 1953 1435 ac
1972 1393 2184 1450 homagiis
2213 1397 2257 1436 et

297 1495 486 1538 serviciis
515 1493 745 1535 liberorum
775 1489 997 1532 hominum
1026 1491 1069 1530 et
1097 1487 1353 1528 villanorum
1375 1486 1418 1526 in
1452 1485 1525 1526 illo
1554 1484 1743 1526 manerio
1777 1485 2019 1527 tenencium
2041 1488 2084 1527 et
2111 1500 2257 1527 eorum

297 1586 489 1642 sequelis,
528 1584 673 1639 pratiS,
716 1581 914 1638 pasturis,
949 1579 1098 1629 boscis,
1133 1578 1288 1633 gravis,
1320 1577 1461 1621 vastis,
1499 1576 1768 1627 molendinis,
1792 1575 1976 1630 relevijs,
2007 1575 2257 1627 redditibus,

300 1677 517 1725 eschaetis,
555 1681 597 1718 et
633 1673 829 1717 omnibus
865 1672 964 1727 alijs
999 1669 1277 1726 pertinencijs
1313 1669 1366 1710 ad
1395 1668 1634 1723 predictum
1670 1667 1908 1708 manerium
1941 1681 2110 1723 quoquo
2134 1668 2260 1709 modo

301 1768 590 1826 spectantibus
628 1801 635 1809 .
672 1768 799 1822 prout
830 1765 945 1806 idem
980 1762 1218 1804 manerium
1250 1760 1476 1802 Mimms
1513 1764 1648 1799 mater
1682 1773 1776 1799 mea
1811 1758 1979 1812 plenius
2014 1762 2057 1800 et
2089 1758 2263 1801 liberius

300 1862 441 1904 tenuit
475 1866 515 1902 et
553 1858 702 1900 habuit
733 1857 778 1898 in
810 1857 953 1897 dotem
987 1869 1121 1896 suam.
1183 1851 1450 1893 Habenduin
1482 1854 1522 1891 et
1551 1850 1784 1890 tenendum
1819 1849 1956 1891 eidem
1983 1849 2192 1892 ιῘοΗΑΝΝΙ
2221 1854 2263 1893 et

304 1951 530 1994 heredibus
552 1949 638 1991 suis
658 1949 711 1990 de
740 1961 910 2002 corpore
939 1960 1014 1987 suo
1046 1944 1240 2000 legitime
1264 1941 1493 1998 procreatis
1525 1941 1577 1982 <le
1606 1940 1778 1995 capitali
1810 1941 1983 1983 domino
2014 1941 2129 1984 feodi
2151 1942 2265 1984 illius

306 2059 380 2099 per
402 2041 592 2084 redditus
613 2044 655 2081 et
677 2039 853 2081 servicia
873 2038 973 2079 inde
999 2035 1143 2078 debita
1172 2041 1213 2076 et
1235 2035 1287 2076 de
1316 2034 1412 2089 jure
1436 2040 1636 2074 consueta
1664 2031 1809 2084 libere,
1840 2033 1994 2087 quiete,
2027 2033 2148 2085 bene,
2169 2033 2265 2090 jure

307 2133 564 2177 hereditario
585 2132 630 2173 in
662 2138 929 2186 perpetuum.
993 2127 1232 2170 Reddendo
1264 2126 1365 2167 inde
1395 2125 1620 2165 annuatim
1648 2124 1737 2178 ipse
1760 2123 1789 2165 J
1793 2137 2002 2165 OHANNES
2024 2129 2065 2166 et
2094 2125 2269 2167 heredes

309 2227 374 2269 sui
402 2227 454 2268 de
483 2239 653 2279 corpore
681 2237 755 2264 suo
786 2220 977 2276 legitime
1014 2218 1222 2274 procreati
1252 2217 1382 2258 michi
1423 2217 1476 2257 ad
1505 2215 1739 2257 terminum
1761 2215 1846 2257 vite
1867 2230 1958 2257 mee
1984 2217 2271 2273 quadraginta

312 2318 443 2360 libras
468 2315 769 2369 sterlingorum
799 2313 853 2353 ad
883 2311 992 2352 festa
1019 2309 1167 2352 Sancti
1196 2308 1455 2349 MICHAELIS
1484 2310 1525 2347 et
1548 2305 1726 2347 PASCHE
1755 2321 1830 2361 per
1858 2307 2027 2361 equales
2054 2308 2272 2363 porciones

317 2408 581 2450 dividendas.

376 2499 437 2540 Et
458 2499 492 2540 si
520 2496 743 2551 contingat
764 2494 878 2549 quod
905 2492 1116 2548 predictus
1143 2490 1172 2533 J
1175 2504 1385 2532 OHANNES
1414 2490 1459 2529 in
1489 2487 1700 2529 solucione
1731 2488 1835 2530 dicti
1862 2489 2055 2530 redditus
2081 2491 2279 2533 annualis

321 2589 516 2634 terminis
543 2586 744 2642 predictis
776 2584 944 2627 deficiat
970 2584 1015 2624 in
1045 2589 1166 2638 parte
1187 2582 1254 2623 vel
1277 2581 1324 2623 in
1353 2584 1442 2621 toto
1473 2582 1548 2620 aut
1582 2582 1711 2620 cesset
1743 2580 1857 2634 quod
1882 2579 2005 2632 absit,
2038 2584 2140 2623 tunc
2170 2581 2278 2624 bene

323 2683 449 2725 liceat
483 2678 611 2721 michi
643 2677 882 2732 predictum
920 2674 1155 2716 manerium
1188 2672 1357 2727 ingredi
1390 2671 1480 2712 sine
1512 2673 1802 2712 retenemento
1838 2676 1912 2712 aut
1949 2673 2279 2716 contradictione

329 2772 432 2815 dicti
467 2771 699 2814 Jofflxms
731 2771 805 2809 aut
826 2767 1031 2808 heredum
1068 2779 1239 2806 suorum
1272 2778 1346 2817 pro
1379 2761 1560 2804 termino
1597 2761 1681 2802 vite
1715 2776 1819 2803 mee.
1893 2762 1954 2804 Et
1990 2763 2025 2804 si
2057 2764 2280 2820 contingat

331 2864 445 2921 quod
475 2862 612 2904 dictus
637 2858 662 2901 J
669 2872 880 2900 oHANNEs
910 2856 1062 2899 obierit
1090 2856 1179 2897 sine
1205 2853 1430 2896 heredibus
1452 2853 1503 2894 de
1534 2867 1703 2908 corpore
1731 2867 1805 2894 suo
1835 2853 2027 2909 legitime
2053 2856 2281 2910 procreatis

331 2961 435 2998 tunc
460 2956 554 3008 post
585 2952 803 2992 decessum
828 2948 961 3003 ipsius
985 2947 1014 2990 J
1018 2961 1218 2989 OHANNIS
1243 2945 1482 3000 predictum
1511 2943 1747 2985 manerium
1776 2947 1817 2986 et
1845 2945 2067 2988 advocacio
2091 2948 2282 3002 predicta

334 3061 432 3088 cum
465 3040 743 3100 pertinencijs
775 3038 1057 3080 remanebunt
1092 3038 1296 3080 RICARDO
1317 3037 1369 3078 de
1397 3035 1578 3077 Pmmsss
1603 3034 1728 3076 fratri
1758 3049 1852 3076 meo
1880 3040 1921 3077 et
1943 3035 2166 3079 heredibus
2199 3038 2284 3080 suis
