2425 3423
1970 286 2082 327 2305

996 646 1362 693 MDLXXXIV.

190 753 404 797 GRANT
445 754 532 797 BY
572 754 839 797 NIGOLAS
881 754 1215 798 HERWARD
1257 754 1333 797 ΤΟ
1375 755 1405 798 J
1409 755 1545 799 OHN
1600 756 1681 799 LE
1737 755 1906 800 PORK
1963 758 2041 800 OF
2094 759 2138 801 A

331 844 616 889 MEADOW
657 845 730 888 IN
770 845 1400 898 PORTMANNEMEDE,
1458 846 1762 890 OHARGED
1815 847 1993 891 WITH
2047 848 2136 891 AN

335 935 608 978 ANNUAL
689 936 996 979 PAYMENT
1063 936 1141 978 OF
1203 936 1329 979 ONE
1390 937 1714 980 NUMMUS'S
1770 938 2005 982 WORTH
2061 940 2139 982 OF

334 1026 487 1070 WAX
522 1027 645 1069 FOR
679 1027 760 1070 ST.
798 1027 1030 1070 MARY’S
1065 1026 1332 1080 OANDLE,
1368 1028 1440 1071 IN
1470 1027 1553 1071 ST.
1591 1029 1823 1073 MARY'S
1857 1030 2137 1084 GHUROH,

335 1116 625 1160 OARDIFF.

902 1209 1132 1266 [MARGAM
1176 1210 1433 1267 CHARTER.]

1703 1304 1819 1344 13111
1851 1302 2081 1347 CENTURY.

247 1391 392 1434 Sciant
412 1394 629 1447 presentes
649 1395 692 1433 et
708 1391 845 1434 futuri
865 1392 979 1447 quod
1001 1406 1080 1448 ego
1103 1391 1330 1434 NICOLAUS
1353 1392 1599 1434 HERWARD
1619 1393 1718 1435 dedi
1734 1396 1776 1435 et
1797 1395 1978 1436 concessi
1999 1401 2041 1436 et
2062 1395 2140 1437 hac

187 1482 371 1538 presenti
393 1486 508 1524 carta
528 1497 624 1524 mea
646 1482 892 1524 confirmavi
921 1482 950 1524 J
953 1497 1129 1524 OHANNI
1160 1483 1200 1524 le
1229 1483 1360 1524 Pom<
1387 1487 1526 1525 totum
1552 1487 1723 1539 pratum
1759 1499 1901 1527 meum
1935 1485 1982 1527 in
2016 1485 2139 1527 Pom:

188 1573 363 1615 MANNE
384 1573 524 1615 MEDE
546 1573 660 1628 quod
680 1573 794 1629 jacet
814 1573 1057 1629 proximum
1077 1577 1198 1629 prato
1222 1573 1414 1615 RmARm
1431 1573 1568 1617 SLICH
1584 1576 1818 1617 tenendum
1835 1580 1876 1618 et
1893 1576 2139 1618 habendum

187 1666 238 1706 de
260 1679 326 1706 me
348 1667 389 1706 et
410 1663 635 1706 heredibus
656 1664 761 1706 meis
782 1664 894 1706 dicto
916 1663 945 1706 J
948 1678 1125 1705 OHANNI
1146 1668 1188 1706 et
1210 1665 1435 1719 assignatis
1456 1666 1542 1707 suis
1564 1697 1574 1709 .
1597 1665 1729 1708 libere
1750 1666 1891 1721 quiete
1912 1670 1954 1709 et
1971 1668 2140 1722 pacifice

185 1755 500 1810 imperpetuum
522 1788 530 1797 .
554 1756 770 1797 reddendo
791 1755 972 1809 singulis
993 1755 1117 1796 annis
1138 1770 1273 1797 unum
1303 1760 1574 1798 nummatum
1605 1772 1696 1799 cere
1732 1758 1787 1799 ad
1819 1773 1985 1800 cereum
2018 1758 2140 1801 beate

188 1846 347 1888 MAmE
378 1846 424 1887 in
453 1846 625 1887 ecclesia
650 1845 772 1888 beate
801 1845 960 1887 MAmE
989 1846 1041 1887 de
1079 1845 1263 1887 KARmF
1303 1879 1311 1887 .
1348 1847 1403 1888 ad
1430 1846 1588 1889 festum
1628 1847 1741 1889 beati
1771 1848 2029 1890 MICHAELIS
2064 1864 2142 1905 pro

186 1937 376 1978 omnium
417 1936 689 1978 serviciorum
729 1936 1019 1991 aquietacione
1062 1969 1069 1976 .
1115 1935 1173 1977 Et
1208 1936 1321 1977 hunc
1362 1937 1547 1979 reditum
1588 1938 1686 1979 dedi
1728 1942 1770 1980 et
1804 1939 1986 1981 concessi
2026 1940 2137 1981 dicte

189 2027 358 2069 ecclesie
379 2029 428 2068 ut
448 2027 610 2068 dictum
632 2030 694 2068 est
723 2027 769 2068 in
796 2041 948 2081 puram
978 2030 1020 2068 et
1049 2030 1297 2081 perpetuam
1326 2027 1599 2070 elemosinam
1626 2043 1701 2083 pro
1729 2029 1872 2071 anima
1895 2030 2028 2085 patris
2056 2031 2140 2073 mei

189 2119 232 2157 et
251 2117 399 2157 matris
418 2116 511 2158 me'e
536 2150 543 2157 .
568 2116 651 2158 Pro
672 2116 751 2158 hac
770 2119 916 2158 autem
937 2116 1201 2158 concessione
1232 2117 1350 2159 dedit
1381 2117 1511 2160 michi
1537 2119 1751 2174 predictus
1778 2119 1807 2162 J
1810 2134 2020 2162 OHANNEs
2052 2125 2138 2163 tres

190 2221 351 2248 marcas
371 2206 539 2261 argenti
562 2240 570 2248 .
598 2206 695 2262 Ego
717 2222 815 2249 vero
836 2207 1065 2249 N1COLAUS
1082 2211 1123 2250 et
1149 2208 1323 2250 heredes
1351 2210 1435 2251 mei
1462 2212 1601 2251 totum
1631 2210 1793 2252 dictum
1824 2216 1994 2265 pratum
2027 2212 2139 2254 dicto

190 2297 219 2339 J
222 2311 396 2338 OHANN]
430 2299 472 2338 et
507 2297 733 2352 assignatis
765 2298 850 2339 suis
883 2302 1030 2339 contra
1061 2312 1205 2340 omnes
1233 2299 1424 2342 homines
1450 2303 1492 2342 et
1516 2315 1660 2342 omnes
1687 2300 1868 2343 feminas
1893 2303 2139 2345 warentiza-

190 2387 329 2429 bimus
352 2420 360 2428 .
384 2386 444 2428 Et
465 2390 513 2428 ut
533 2387 610 2428 hec
630 2402 724 2428 mea
745 2387 919 2429 donatio
941 2391 984 2430 et
1005 2388 1212 2430 concessio
1232 2394 1325 2431 rata
1346 2391 1400 2432 sit
1430 2394 1473 2432 et
1505 2390 1667 2432 stabilis
1703 2424 1712 2433 .
1747 2392 1953 2446 presentis
1994 2394 2139 2449 scripti

191 2478 295 2519 serie
316 2481 357 2518 et
379 2476 512 2532 sigilli
532 2477 617 2518 mei
637 2477 912 2533 impressione
933 2493 1026 2520 eam
1047 2479 1253 2521 roboravi.

248 2567 349 2609 Hiis
370 2567 548 2608 testibus
571 2600 579 2608 .
603 2567 631 2609 J
635 2581 812 2609 ORDANO
842 2567 1017 2610 ALEWY
1041 2603 1049 2611 .
1073 2569 1102 2612 J
1105 2584 1294 2612 OHANNE
1325 2571 1609 2613 BALDEWINE
1633 2605 1640 2613 .
1666 2572 1878 2615 Romame
1910 2574 2099 2616 GonARD
2126 2609 2134 2616 .

191 2657 403 2699 RoBERTo
447 2657 673 2699 RUMBOLD
726 2691 733 2699 .
787 2658 944 2700 ΗΕΙᾸΑ
984 2661 1036 2701 de
1077 2659 1208 2702 Novo
1249 2661 1419 2703 CASTRO
1457 2696 1465 2704 .
1497 2662 1709 2704 ROBERTO
1739 2664 1792 2705 de
1820 2663 2093 2706 LAWERNAK
2127 2698 2137 2706 .

191 2747 434 2789 STEPHANO
456 2748 508 2789 de
529 2747 826 2791 BAGGETRIPE
851 2783 859 2791 .
884 2749 1087 2793 Rmflmo
1111 2751 1254 2794 Gomss
1278 2786 1286 2794 .
1309 2757 1351 2794 et
1375 2753 1521 2795 multis
1542 2754 1648 2795 aliis.

241 2839 299 2870 See
324 2839 384 2871 No.
414 2838 679 2877 DCCXXVHI„
708 2839 813 2869 where
840 2841 896 2870 the
925 2842 1026 2871 above
1048 2842 1136 2872 John
1160 2842 1205 2872 Le
1228 2842 1311 2873 Poro
1331 2847 1434 2873 states
1459 2844 1533 2874 that
1557 2844 1596 2874 he
1627 2845 1764 2882 granted
1790 2845 1845 2875 the
1868 2845 1970 2875 above
1995 2845 2072 2874 land
2094 2849 2130 2875 to

201 2894 347 2933 Margara
363 2896 490 2934 Abbey,
507 2895 571 2924 and
588 2904 670 2932 gave
682 2895 748 2924 this
763 2895 842 2925 deed
857 2898 891 2925 to
904 2896 960 2926 the
975 2897 1092 2935 Abbey
1109 2897 1140 2925 in
1158 2897 1386 2928 confirmation
1402 2899 1434 2928 of
1449 2899 1500 2928 his
1515 2902 1623 2937 grant.

398 3167 486 3200 120
