2912 4368
2201 735 2314 778 2349

1280 924 1547 967 MDOXXI.

424 1033 904 1077 CONFIRMATION
948 1032 1030 1076 ΒΥ
1083 1032 1374 1077 WILLIAM
1430 1032 1515 1074 DE
1564 1032 1866 1083 LONDRES,
1916 1032 2032 1075 SON
2079 1032 2157 1075 OF
2197 1033 2366 1076 JOHN

568 1124 648 1167 LE
690 1124 816 1175 SOR,
859 1124 934 1167 TO
976 1123 1056 1167 ST.
1096 1123 1347 1166 PETER'S
1388 1123 1615 1175 ABBEY,
1654 1122 2072 1175 GLOUOESTER,
2116 1123 2193 1165 OF
2234 1124 2363 1167 THE

573 1215 785 1258 GRANT
827 1215 904 1258 OF
946 1215 1163 1259 EWENI
1206 1214 1485 1266 OHUROH‚
1528 1214 1631 1256 ETc.

1144 1329 1372 1387 [MARGAM
1405 1328 1662 1385 CHARTER.]
2107 1395 2140 1437 G

2145 1429 2152 1437 .
2188 1396 2312 1437 1260.

486 1504 630 1547 Sciant
651 1508 863 1559 presentes
885 1507 927 1546 et
947 1504 1084 1546 futuri
1104 1504 1217 1559 quod
1239 1517 1317 1559 ego
1339 1502 1623 1546 WILLELMUs
1645 1503 1696 1545 de
1718 1502 1969 1545 LONDOan
2000 1504 2112 1546 filius
2140 1504 2169 1546 J
2172 1519 2371 1547 0HANN1s

426 1595 465 1637 le
497 1594 585 1636 Son
615 1595 795 1637 concessi
826 1598 868 1637 et
898 1594 1142 1637 confirmavi
1172 1593 1271 1635 DEO
1302 1597 1344 1636 et
1375 1594 1543 1636 ecclesie
1573 1592 1719 1635 Sancti
1750 1593 1892 1635 PETRI
1924 1595 1976 1636 de
1999 1594 2305 1637 GLOECESTRIA
2325 1599 2367 1638 et

426 1686 641 1727 monachis
670 1685 829 1728 ibidem
859 1685 951 1728 Deo
983 1684 1261 1727 servientibus
1291 1684 1335 1725 in
1366 1699 1517 1739 puram
1558 1687 1600 1726 et
1639 1688 1888 1740 perpetuam
1919 1686 2192 1727 elemosinam
2223 1701 2368 1728 omnes

427 1776 675 1818 elemosinas
697 1790 800 1831 quas
821 1775 1084 1817 MAURITIUS
1116 1776 1167 1817 de
1198 1775 1450 1817 LONDONHS
1483 1809 1490 1816 .
1525 1778 1566 1817 et
1597 1774 1882 1818 WILLELMUS
1912 1791 2015 1818 avus
2036 1779 2078 1819 et
2100 1776 2289 1819 THOMAS
2319 1779 2371 1821 de

429 1864 680 1907 LONDONIIS
716 1900 723 1908 .
758 1867 966 1907 dederunt
997 1867 1157 1921 prefate
1188 1866 1356 1908 ecclesie
1387 1866 1542 1907 scilicet
1583 1867 1798 1909 ecclesiam
1839 1866 1985 1909 Sancti
2025 1868 2284 1910 MICHAELis
2320 1871 2371 1912 de

424 1956 589 1998 EWENJ
612 1971 707 1998 cum
729 1958 830 1998 villa
852 1958 904 1999 de
926 1957 1090 1998 EWENI
1113 1961 1154 1999 et
1176 1957 1371 1999 omnibus
1402 1957 1668 2012 pertinentiis
1699 1972 1794 1999 cum
1825 1961 1946 2013 prato
1977 1962 2019 2000 et
2049 1959 2293 2001 molendino
2325 1964 2366 2002 et

426 2048 595 2103 sequela
618 2063 706 2090 sua.

481 2146 675 2188 Concessi
696 2147 826 2189 etiam
847 2147 961 2202 quod
983 2161 1127 2189 omnes
1149 2147 1340 2188 homines
1361 2147 1444 2188 mei
1466 2147 1540 2202 qui
1568 2146 1627 2189 ibi
1660 2146 1871 2188 voluerint
1903 2147 2058 2189 molere
2088 2147 2149 2190 ibi
2179 2149 2367 2191 moleant

420 2236 509 2279 sine
531 2237 743 2279 calumnia
766 2237 833 2279 vel
854 2238 1188 2280 contradictione
1213 2272 1220 2279 .
1245 2242 1385 2293 preter
1407 2237 1598 2279 homines
1619 2238 1671 2279 de
1693 2237 2087 2280 COLOWINESTONA.

482 2336 677 2379 Concessi
711 2337 840 2379 etiam
880 2337 965 2380 illis
1000 2371 1008 2379 .
1044 2338 1261 2380 ecclesiam
1303 2337 1456 2379 Sancte
1498 2337 1698 2378 Emeum
1739 2353 1835 2380 cum
1875 2338 1997 2380 terris
2038 2342 2080 2381 et
2120 2340 2292 2381 decimis
2328 2343 2369 2382 et

416 2428 613 2470 omnibus
642 2429 911 2484 pertinentiis
942 2429 1027 2470 suis
1059 2462 1067 2470 .
1101 2432 1143 2470 et
1173 2429 1390 2470 ecclesiam
1420 2428 1566 2470 Sancti
1603 2427 1860 2471 Mmfflffls
1892 2430 1944 2471 de
1976 2429 2357 2473 OoLovaNffls'rONA

421 2534 518 2562 cum
538 2519 660 2561 terris
681 2522 723 2561 et
745 2519 917 2562 decimis
939 2524 981 2562 et
1003 2519 1198 2562 omnibus
1219 2520 1489 2574 pertinentiis
1510 2520 1595 2561 suis
1618 2554 1625 2561 .
1649 2523 1690 2561 et
1717 2520 1940 2575 sexaginta
1961 2535 2033 2562 sex
2054 2536 2170 2563 acras
2191 2526 2300 2564 terre
2321 2523 2367 2565 in

420 2610 568 2651 eadem
589 2609 691 2651 villa
714 2643 722 2651 .
747 2609 953 2652 Similiter
970 2610 1187 2652 ecclesiam
1209 2611 1259 2651 de
1282 2609 1550 2652 HANADUNA
1576 2645 1582 2651 .
1607 2614 1648 2652 et
1670 2612 1885 2654 ecclesiam
1906 2613 1958 2654 de
1972 2612 2330 2656 ESEGARESTUNA
2354 2648 2362 2657 .

419 2703 461 2743 et
492 2701 707 2742 ecclesiam
739 2700 884 2743 Sancti
915 2701 1128 2743 ISMAELIS
1160 2734 1170 2744 .
1203 2706 1245 2743 et
1277 2702 1494 2744 ecclesiam
1524 2702 1576 2744 de
1606 2701 1814 2743 PENBRAI
1859 2736 1866 2743 .
1906 2702 2112 2746 Similiter
2148 2705 2364 2747 ecclesiam

419 2789 565 2833 Sancti
583 2790 743 2832 Esmm
768 2792 821 2833 de
843 2791 1167 2833 CARNEWALAN
1192 2825 1200 2834 .
1224 2795 1267 2834 et
1288 2792 1504 2834 ecclesiam
1524 2791 1671 2833 Sancti
1691 2792 1875 2834 DANIEL
1901 2795 1968 2834 ,et
1984 2793 2199 2835 ecclesiam
2221 2794 2366 2837 Sancti

418 2881 448 2924 J
450 2896 648 2923 OHANNIS
669 2882 714 2923 in
737 2882 1060 2924 CARNEWALAN
1084 2898 1180 2925 cum
1200 2883 1323 2925 terris
1344 2886 1386 2925 et
1408 2883 1580 2925 decimis
1602 2886 1644 2924 et
1672 2882 1868 2925 omnibus
1888 2883 2159 2939 pertinentiis
2180 2885 2266 2927 suis
2289 2918 2296 2927 .
2320 2888 2363 2928 et

421 2972 628 3028 capellam
650 2974 702 3015 de
723 2973 1022 3015 EGLESKEINU
1046 2989 1142 3016 cum
1164 2974 1360 3016 omnibus
1382 2974 1650 3029 pertinentiis
1670 2974 1756 3015 suis
1778 3008 1786 3016 .
1811 2978 1853 3016 et
1883 2989 2027 3016 omnes
2057 2975 2249 3018 ecclesias
2269 2991 2361 3019 mee

419 3067 529 3106 terre
550 3079 653 3119 quas
674 3065 799 3106 modo
818 3064 954 3106 habeo
975 3068 1018 3107 et
1038 3064 1176 3107 adhuc
1205 3065 1445 3120 perquirere
1475 3068 1632 3120 potero.
1694 3064 1899 3107 Similiter
1929 3068 2063 3107 totam
2093 3069 2250 3108 terram
2280 3082 2361 3122 que

418 3159 480 3196 est
508 3169 560 3195 ex
590 3157 709 3209 parte
735 3155 885 3197 silvule
916 3156 968 3197 de
998 3155 1166 3197 ALUNA
1197 3171 1329 3211 usque
1359 3157 1414 3197 ad
1444 3171 1598 3211 pascua
1629 3170 1833 3210 equorum
1863 3155 2025 3197 domini
2056 3190 2065 3198 .
2099 3158 2141 3198 et
2165 3171 2218 3198 ex
2238 3160 2358 3212 parte

416 3245 589 3287 orientis
610 3248 745 3287 totam
765 3248 922 3287 terram
954 3247 1005 3288 de
1036 3247 1162 3289 domo
1186 3246 1350 3288 EDmcI
1374 3246 1631 3289 vicecomitis
1661 3261 1793 3301 usque
1823 3247 1877 3288 ad
1906 3246 2044 3302 ripam
2074 3248 2127 3289 de
2157 3246 2323 3289 EWENI
2347 3282 2354 3290 .

418 3338 460 3377 et
481 3339 651 3377 centum
672 3350 787 3377 acras
807 3339 916 3378 terre
938 3337 983 3378 in
1004 3337 1356 3379 BLUNTESDUNA.

472 3433 666 3476 Concessi
687 3434 815 3476 etiam
845 3438 888 3477 et
918 3436 1163 3478 confirmavi
1193 3437 1390 3491 predictis
1421 3437 1636 3478 monachis
1667 3437 1811 3479 decem
1841 3441 1882 3479 et
1914 3441 2005 3479 octo
2034 3452 2149 3480 acras
2169 3441 2278 3480 terre
2300 3439 2352 3480 de

409 3523 537 3565 feudo
561 3524 754 3565 Rmfflm
777 3526 828 3566 de
850 3524 1089 3567 LANDEFEI
1112 3558 1124 3570 .
1148 3529 1189 3568 et
1210 3528 1316 3569 duas
1337 3542 1452 3569 acras
1483 3542 1564 3582 que
1594 3527 1770 3569 fuerunt
1800 3526 2032 3569 STEPHANI
2065 3528 2303 3570 MAREscor
2336 3562 2343 3569 .
