2425 3423
255 282 368 323 2350

202 493 245 531 et
265 491 400 531 totam
420 491 578 531 terram
599 501 718 530 suam
738 486 784 528 in
807 485 996 528 PITco‘rA
1018 519 1026 528 .
1050 488 1093 528 et
1112 500 1189 540 pro
1210 483 1408 527 omnibus
1438 483 1620 526 servitiis
1650 484 1705 526 ad
1735 483 1969 539 predictam
1989 487 2146 526 terram

198 578 512 635 pertinentibus
533 582 623 620 tam
644 576 859 633 regalibus
879 591 1009 632 quam
1028 575 1249 618 forincecis
1271 590 1351 631 ego
1373 578 1415 617 et
1435 574 1610 616 heredes
1640 574 1725 616 mei
1755 573 2100 629 respondebimus
2133 608 2141 617 .

202 669 408 713 Similiter
437 669 694 725 piscaturam
715 668 767 710 de
799 667 996 712 PENcorr
1023 681 1119 709 cum
1148 667 1239 709 loco
1268 666 1468 721 hospitali
1500 680 1624 720 super
1644 665 1827 707 eundem
1847 665 2027 708 fluvium
2058 700 2067 709 .
2099 666 2146 708 in

202 759 526 803 CARNEWALAN
558 793 567 801 .
600 761 643 801 et
672 761 807 801 totam
838 761 995 800 terram
1025 773 1154 813 quam
1185 758 1416 800 RICARDUS
1446 758 1498 799 de
1527 755 1800 798 CANTULUPO
1830 757 2064 812 possiderat
2099 757 2146 800 in

201 848 608 906 ESEGAREST[UNA]
637 882 646 892 .
670 851 712 890 et
731 851 867 890 totam
887 851 1044 890 terram
1065 849 1117 891 de
1138 848 1363 891 Sumam
1385 883 1394 891 .
1418 851 1493 890 aut
1509 847 1766 903 escambium
1786 849 2017 891 secundum
2034 849 2147 904 quod

206 942 335 984 valet.

259 1024 363 1066 Hiis
398 1022 578 1066 testibus
611 1056 620 1065 .
661 1021 922 1065 GILEBERTO
962 1021 1014 1063 de
1056 1020 1384 1063 TURBERVILLA
1416 1054 1427 1064 .
1453 1021 1711 1065 WILLELMo
1747 1022 1798 1064 de
1833 1021 2105 1065 CANTULUPO
2137 1055 2148 1066 .

204 1116 356 1158 PETRo
378 1115 616 1157 Pmcssmu
640 1147 648 1156 .
673 1113 907 1157 WALTERo
928 1111 1082 1155 GUNDI
1106 1146 1114 1154 .
1138 1111 1348 1154 DIONISIO
1370 1114 1482 1155 Uoco
1505 1147 1513 1155 .
1544 1113 1731 1156 AUDONO
1762 1113 1851 1155 filio
1871 1113 2116 1157 HERBERTI
2139 1147 2149 1158 .

204 1207 409 1250 RICARno
460 1206 652 1248 Bmmno
693 1239 702 1248 .
741 1204 771 1247 J
774 1218 962 1246 OHANNE
998 1202 1260 1260 sac[erdote]
1306 1236 1315 1245 .
1358 1203 1572 1246 HENRICO
1613 1205 1841 1247 camerario
1885 1238 1894 1246 .
1939 1204 2151 1248 Ronnn'ro

203 1297 410 1355 SEM[ER]
438 1331 445 1340 .
471 1297 724 1340 HUNFRIDO
747 1331 755 1339 .
779 1295 1017 1338 MAURITIO
1041 1328 1048 1336 .
1074 1294 1300 1337 Gosmuno
1321 1296 1374 1337 de
1396 1294 1721 1352 COREND[ONA]
1748 1330 1756 1338 .
1781 1299 1825 1338 et
1848 1296 1995 1338 multis
2015 1297 2121 1339 aliis.

261 1381 329 1410 The
344 1380 495 1418 pedigree
512 1379 683 1408 contained
698 1379 731 1407 in
747 1378 812 1407 this
829 1376 965 1407 Charter
981 1377 1006 1406 is
1022 1381 1105 1405 most
1123 1376 1332 1406 remarkable.
1374 1376 1519 1406 William
1535 1377 1573 1406 de
1595 1377 1751 1415 Londres,
1774 1386 1833 1406 son
1854 1378 1888 1406 of
1908 1377 1998 1407 John
2013 1377 2057 1408 Le
2072 1377 2141 1416 Sor,

212 1437 238 1466 is
255 1436 345 1474 quite
360 1445 431 1465 new
446 1439 481 1465 to
498 1434 787 1472 Glamorganshire
801 1433 991 1471 genealogy.
1033 1432 1083 1461 He
1099 1432 1125 1461 is
1147 1432 1250 1461 called
1266 1441 1325 1461 son
1347 1433 1380 1461 of
1402 1432 1545 1462 Maurice
1566 1433 1604 1462 de
1626 1432 1804 1462 Londoniis
1825 1433 1858 1462 in
1884 1432 1985 1463 Cartoe
2002 1433 2034 1463 S.
2050 1433 2144 1463 Pan·

214 1492 331 1529 θῶμα,
346 1492 393 1521 ΙΙ.
408 1492 479 1530 229,
494 1491 518 1520 if
539 1491 607 1520 this
623 1491 649 1520 is
664 1490 721 1519 the
737 1498 824 1519 same
839 1498 964 1527 person.

259 1547 472 1578 Carnewalan
487 1547 514 1576 is
530 1546 658 1576 divided
675 1546 716 1584 by
733 1546 787 1575 the
803 1545 901 1574 River
918 1543 1069 1581 Loughor
1083 1545 1167 1574 from
1182 1543 1238 1573 the
1254 1544 1330 1573 land
1346 1544 1378 1573 of
1401 1543 1529 1574 Gower.
1572 1544 1630 1574 See
1645 1544 1705 1575 No.
1722 1544 1976 1575 CCLXXXHI.

1025 1717 1322 1761 MDOXXII.

203 1811 690 1856 CONFIRMATION
755 1810 842 1853 BY
892 1810 1162 1853 MORGAN
1227 1809 1370 1861 CAM,
1433 1808 1549 1851 SON
1608 1808 1686 1851 OF
1751 1808 2036 1863 MORGAN,
2079 1809 2155 1853 ΤΟ

347 1894 627 1938 MARGAM
687 1894 904 1937 ABBEY
964 1894 1042 1936 OF
1102 1893 1233 1936 THE
1286 1891 1532 1936 GRANTS
1589 1891 1668 1934 OF
1720 1891 1828 1935 HIS
1882 1892 2156 1947 FATHER,

348 1977 483 2021 AND
546 1976 654 2020 HIS
721 1976 1057 2019 BROTHERS
1113 1975 1347 2019 LEISAN
1409 1975 1543 2018 AND
1615 1974 1831 2018 OWEIN
1893 1975 1966 2018 IN
2026 1976 2157 2019 THE

351 2060 474 2103 FEE
519 2059 597 2102 OF
644 2059 881 2112 AUENE,
933 2058 1220 2102 PASTURE
1273 2058 1351 2101 OF
1394 2056 1616 2110 MELES,
1671 2057 1805 2100 THE
1856 2057 2033 2101 LAND
2079 2058 2158 2102 OF

350 2142 696 2195 PULTIMOR,
742 2142 846 2185 Erre.

925 2224 1156 2281 [MARGAM
1189 2222 1446 2280 CHARTER]

1404 2306 1594 2349 MIDDLE
1626 2321 1679 2349 OF
1716 2307 1834 2349 13ΤΗ
1870 2306 2100 2349 CENTURY.

266 2400 413 2443 Sciant
435 2393 581 2442 omnes
601 2403 817 2456 presentes
836 2402 880 2442 et
898 2399 1037 2441 futuri
1059 2400 1173 2454 quod
1194 2413 1273 2454 ego
1302 2398 1558 2440 MORGANUS
1589 2398 1703 2439 filius
1735 2397 1956 2440 MORGANI
1978 2399 2161 2442 concessi

205 2496 249 2536 et
280 2493 322 2534 h.
357 2507 390 2534 c.
419 2506 475 2533 m.
507 2491 754 2533 confirmavi
781 2490 836 2533 D.
872 2495 914 2533 et
939 2505 974 2532 e.
1008 2490 1049 2532 S.
1078 2490 1141 2532 M.
1178 2491 1230 2532 de
1264 2489 1469 2532 MARGAN
1497 2521 1506 2531 .
1536 2491 1578 2530 et
1598 2504 1654 2531 m.
1678 2489 1705 2531 i.
1730 2489 1785 2531 D.
1809 2489 1851 2532 S.
1874 2489 1921 2531 in
1942 2504 2093 2545 puram
2114 2494 2158 2534 et

205 2587 458 2640 perpetuam
480 2582 753 2624 elemosinam
776 2597 921 2624 omnes
942 2582 1193 2624 donationes
1213 2584 1255 2623 et
1286 2579 1624 2623 confirmationes
1654 2584 1696 2622 et
1726 2580 2026 2623 conventiones
2055 2595 2159 2636 quas

210 2675 468 2717 MORGANUS
500 2676 620 2728 pater
647 2687 766 2715 meus
794 2676 837 2714 et
868 2672 1022 2714 fratres
1055 2672 1140 2714 mei
1172 2671 1399 2713 LElsANUS
1428 2673 1470 2712 et
1497 2669 1659 2712 meN
1694 2703 1702 2711 .
1731 2674 1773 2712 et
1801 2685 1946 2713 eorum
1967 2671 2159 2714 homines

207 2766 365 2808 eisdem
385 2763 602 2806 monachis
622 2763 815 2805 fecerunt
837 2797 845 2805 .
870 2764 922 2805 de
944 2763 1140 2805 omnibus
1159 2761 1282 2804 terris
1298 2766 1340 2803 et
1356 2760 1611 2803 tenementis
1632 2776 1713 2816 que
1734 2761 1787 2803 de
1807 2761 1910 2816 ipsis
1924 2764 2156 2805 tenuerunt

207 2857 254 2898 in
275 2855 487 2897 territorio
509 2854 576 2896 vel
597 2854 727 2896 feudo
748 2855 801 2896 de
821 2854 989 2897 AUENE
1013 2887 1022 2897 .
1049 2857 1139 2896 tam
1159 2853 1204 2894 in
1235 2852 1367 2908 pratis
1397 2856 1439 2894 et
1468 2852 1657 2894 mariscis
1688 2867 1817 2907 quam
1839 2853 1890 2894 de
1910 2856 2085 2908 pastura
2105 2854 2158 2896 de

213 2946 373 2989 MELEs
397 2980 404 2988 .
430 2946 537 2988 sicut
559 2948 671 2987 carte
695 2946 883 3000 ipsorum
914 2960 1019 3000 quas
1048 2945 1148 2986 inde
1178 2943 1338 2986 habent
1368 2946 1581 2985 testantur
1612 2975 1622 2985 .
1654 2943 1870 2985 reddendo
1901 2943 2032 2986 michi
2060 2944 2161 2986 inde

209 3037 433 3079 annuatim
456 3036 625 3078 solitam
646 3037 812 3078 firmam
833 3051 962 3091 quam
982 3036 1182 3091 predictis
1202 3033 1563 3090 predecessoribus
1593 3034 1697 3076 meis
1726 3035 1901 3077 reddere
1922 3035 2114 3078 solebant
2145 3070 2154 3078 .
