2425 3423
1956 298 2068 340 2387

1021 501 1260 544 MDCLII.

164 600 562 645 INSPEXIMUS
603 601 689 644 BY
722 600 951 644 HENRY
981 600 1133 652 VIII„
1165 600 1392 644 UNDER
1432 600 1590 644 SEAL
1626 601 1705 644 OF
1745 602 1854 645 HIS
1890 603 2116 648 DUOHY

311 683 389 726 OF
440 683 825 737 LANOASTER,
867 683 945 726 OF
987 683 1234 726 GRANTS
1288 683 1467 726 MADE
1507 684 1593 727 BY
1637 685 1930 729 MAURIOE
1980 687 2114 731 AND

309 766 603 810 WILLIAM
635 766 720 809 DE
754 766 1113 821 LONDONIIS,
1147 765 1223 809 TO
1261 766 1549 810 EWENNY
1581 767 1833 811 PRIORY.

886 866 1115 923 [MARGAM
1148 867 1402 921 CHARTER]

1270 951 1294 990 5
1329 950 1451 992 Mn.
1515 951 1540 991 8
1572 949 1696 992 ΗΕΝ.
1730 950 1865 994 VIII.
1929 954 2052 996 1516.

220 1048 463 1091 Hmmcns
512 1049 596 1091 Dei
646 1050 788 1105 gracia
839 1050 934 1092 Rex
984 1050 1169 1091 ANGmE
1209 1055 1251 1091 et
1304 1049 1510 1092 FRANcm
1551 1054 1593 1092 et
1633 1051 1832 1094 dominus
1872 1051 2114 1096 Hmmzmxa:

160 1139 358 1182 omnibus
378 1141 432 1182 ad
454 1155 558 1195 quos
579 1143 792 1196 presentes
813 1141 953 1183 littere
974 1144 1115 1183 nostre
1137 1141 1407 1197 pervenerint
1429 1141 1621 1183 salutem.

218 1231 488 1287 Inspeximus
528 1232 744 1287 quandam
794 1235 954 1274 cartam
1003 1232 1231 1274 MAURICIJ
1272 1233 1325 1274 de
1376 1232 1627 1275 LONnoan
1676 1233 1807 1288 priori
1847 1235 1899 1276 de
1948 1235 2114 1278 EWENI

157 1326 200 1364 et
220 1321 437 1364 monachis
457 1337 598 1364 secum
618 1321 974 1364 commorantibus
995 1322 1153 1364 factam
1174 1323 1219 1364 in
1241 1322 1316 1364 hec
1337 1322 1487 1365 verba:

217 1412 408 1455 VEREno
460 1412 732 1454 Laudavensi
781 1413 987 1468 episcopo,
1043 1420 1128 1464 effa,
1172 1429 1215 1453 as
1273 1418 1313 1454 m
1367 1415 1448 1454 No.
1503 1428 1671 1456 MDXLV.
1722 1422 1760 1456 lo
1801 1416 2015 1459 Romano
2055 1419 2108 1461 de

160 1502 431 1545 GANTELUPO
453 1507 495 1544 et
526 1502 634 1558 alijs.

216 1593 489 1650 Inspeximus
521 1594 648 1636 etiam
687 1595 903 1649 quandam
934 1595 1061 1636 aliam
1093 1604 1252 1637 cartam
1284 1595 1477 1651 ejusdem
1508 1596 1733 1639 MAUR1(:1.1
1778 1600 1831 1640 de
1863 1598 2114 1643 LONDONIIS

158 1685 364 1740 prioratui
385 1685 438 1726 de
459 1684 657 1726 EWENNI
679 1684 839 1726 factam
860 1685 905 1726 in
936 1685 1012 1727 hec
1034 1685 1160 1727 verba
1177 1701 1184 1726 :

216 1775 477 1818 MAURICIUS
494 1776 546 1816 de
563 1775 815 1817 Loxnoxns
833 1775 1029 1818 omnibus
1044 1776 1232 1818 Cnmsm
1254 1777 1423 1820 ecclesie
1444 1778 1555 1830 filiis,
1574 1785 1660 1831 elo„
1679 1796 1722 1821 as
1745 1785 1784 1821 m
1810 1783 1889 1823 No.
1923 1797 2111 1826 Mnxmfr.

160 1872 198 1908 to
221 1867 409 1909 RoGERo
429 1867 639 1922 armigero
660 1871 702 1908 et
723 1866 834 1922 alijs.

215 1958 486 2013 Inspeximus
506 1958 678 2013 insuper
710 1959 925 2013 quandam
946 1959 1073 1999 aliam
1108 1964 1267 2000 cartam
1299 1959 1547 2003 WILIAELMI
1579 1963 1631 2004 (le
1662 1962 1913 2007 L0NnoN11s
1944 1967 2113 2010 ecclesie

153 2049 300 2092 Sancti
321 2049 579 2091 MICHAELIS
600 2053 642 2090 et
662 2049 880 2091 monachis
900 2048 1060 2091 ibidem
1081 2050 1437 2093 commorantibus
1458 2051 1616 2095 factam
1645 2054 1691 2095 iu
1712 2054 1788 2096 hec
1808 2056 1935 2099 verba
1952 2072 1962 2098 :

216 2139 362 2182 Sciant
382 2143 471 2182 tam
491 2144 719 2195 presentes,
743 2144 814 2181 ete.
838 2154 882 2180 as
905 2142 945 2180 in
970 2141 1050 2181 No.
1077 2154 1286 2183 MDXLVII.
1311 2146 1348 2182 to
1373 2141 1628 2185 RADULPHO
1651 2144 1807 2188 CAT'ro.

212 2230 305 2273 Nos
337 2234 480 2273 autem
515 2233 650 2272 cartas
682 2230 892 2285 predictas
931 2245 978 2272 ac
1016 2231 1159 2272 omnia
1199 2234 1241 2273 et
1281 2232 1454 2288 singula
1494 2233 1538 2275 in
1581 2235 1738 2277 eisdem
1777 2240 1975 2280 contenta
2015 2242 2108 2283 rata

155 2321 362 2363 habentes
396 2324 439 2362 et
475 2325 599 2377 grata
631 2335 680 2362 ea
717 2335 791 2376 pro
831 2319 954 2362 nobis
993 2326 1035 2362 et
1072 2321 1297 2364 heredibus
1333 2323 1487 2366 nostris
1519 2324 1780 2382 qua[n]tum
1816 2327 1861 2369 in
1893 2328 2016 2371 nobis
2049 2336 2112 2373 est

157 2416 424 2467 acceptamus
444 2415 486 2454 et
507 2411 789 2467 approbamus
809 2426 857 2452 ac
878 2410 1042 2453 dilectis
1062 2411 1183 2453 nobis
1203 2411 1249 2454 in
1273 2411 1472 2456 CHRISTO
1492 2414 1726 2458 EDWARDO
1756 2432 1871 2460 nunc
1899 2419 2029 2474 priori
2059 2422 2112 2464 de

160 2501 327 2544 EWENI
348 2501 538 2557 predicta
558 2505 599 2543 et
621 2501 840 2544 monachis
860 2505 902 2543 et
933 2501 1237 2544 successoribus
1267 2503 1353 2545 suis
1383 2507 1529 2547 tenore
1560 2507 1825 2561 presencium
1855 2510 2113 2555 ratificamus

157 2592 442 2649 approbamus
474 2596 516 2635 et
553 2593 852 2634 confirmamus
883 2595 1010 2647 prout
1046 2595 1159 2635 carte
1194 2594 1381 2649 predicte
1415 2595 1726 2640 rationabiliter
1757 2601 1984 2644 testantur.
2054 2602 2110 2646 In

158 2683 285 2739 cujus
304 2683 365 2725 rei
387 2683 678 2725 testimonium
700 2682 776 2724 has
797 2683 961 2725 litteras
981 2686 1147 2724 nostras
1167 2684 1259 2726 fieri
1281 2685 1458 2727 fecimus
1478 2690 1683 2741 patentes,

221 2773 387 2816 Datum
408 2773 612 2815 LONDON'
645 2773 722 2816 sub
754 2773 895 2828 sigillo
926 2774 1104 2815 ducatus
1133 2775 1267 2816 nostri
1298 2774 1584 2818 LANCASTRIE
1607 2778 1759 2833 quinto
1780 2781 1850 2822 die
1870 2781 1975 2837 Maij
2000 2798 2112 2827 anno

159 2865 285 2920 regni
306 2864 440 2906 nostri
461 2867 620 2906 octavo.
1308 2881 1382 2920 per
1404 2867 1626 2910 consilium
1648 2870 1826 2914 ducatus
1846 2874 2037 2927 predicti.

1654 2952 1726 2996 W.
1754 2953 1966 2998 HmrnoN.

216 3004 374 3060 Duchy
395 3003 440 3046 of
470 3003 702 3046 Lancaster
724 3003 822 3054 scal,
843 3004 918 3045 red
939 3018 1047 3055 wax,
1071 3004 1262 3060 chipped.

215 3095 273 3124 See
290 3095 393 3131 Bireh,
414 3093 513 3123 Cutal.
529 3093 568 3128 of
581 3093 668 3122 Seals
685 3093 718 3121 in
737 3092 861 3121 Britislc
878 3093 1028 3131 Manum,
1044 3093 1118 3123 Vol.
1136 3094 1171 3132 L,
1188 3104 1217 3131 p.
1233 3095 1280 3132 87,
1297 3095 1356 3125 No.
1374 3097 1439 3126 733.
