2425 3423
294 250 406 291 2330

1082 705 1352 749 MDOVIH.

240 813 455 858 GRANT
506 813 591 856 BY
643 812 979 856 GEOFFREY
1032 812 1273 857 STURMI
1333 812 1467 856 AND
1519 811 1627 855 HIS
1679 810 1797 854 SON
1848 810 2060 854 ROGER
2111 810 2188 853 ΤΟ

387 904 665 947 MARGAM
729 903 946 946 ABBEY
1005 903 1084 946 OF
1146 903 1322 947 LAND
1382 902 1697 947 BETWEEN
1747 901 1879 944 THE
1931 901 2193 945 ‘VADUM

386 995 600 1046 TAVIS‚’
644 994 774 1037 THE
818 993 1001 1037 ‘FONS
1054 994 1286 1037 PETRE’
1339 994 1472 1037 AND
1517 993 1648 1036 THE
1700 992 2036 1044 HIGHWAY,
2069 991 2192 1034 FOR

387 1086 604 1129 THREE
649 1085 784 1128 AND
831 1086 875 1128 A
920 1085 1097 1128 HALF
1142 1084 1374 1128 MARKS.

956 1192 1187 1249 [MARGAM
1219 1192 1317 1235 OHA
1324 1191 1477 1248 arna]

301 1301 447 1344 Sciant
468 1316 614 1343 omnes
635 1302 749 1357 quod
770 1315 850 1357 ego
866 1300 1133 1343 GAUFRIDUS
1155 1300 1330 1343 STURMI
1352 1303 1394 1342 et
1415 1299 1630 1342 Romanus
1647 1298 1760 1341 filius
1781 1313 1900 1340 meus
1917 1297 2195 1340 concessimus

240 1393 385 1436 abbati
417 1399 457 1435 et
491 1382 706 1435 monachis
736 1393 787 1435 de
819 1392 1023 1434 MARGAN
1057 1426 1065 1434 .
1099 1394 1234 1434 totam
1265 1394 1421 1433 terram
1451 1406 1533 1446 que
1564 1393 1626 1432 est
1654 1390 1765 1432 inter
1786 1389 1958 1432 VADUM
1981 1388 2121 1430 TAv1s
2151 1393 2193 1431 et

243 1484 434 1526 FONTEM
465 1483 619 1526 PETRE
653 1518 660 1526 .
692 1484 800 1526 sicut
830 1484 900 1525 via
930 1483 1101 1539 puplica
1131 1482 1250 1524 vadit
1280 1497 1305 1524 a
1335 1482 1443 1524 vado
1475 1482 1530 1524 ad
1560 1481 1726 1524 fontem
1756 1481 1949 1536 superius
1982 1514 1990 1522 .
2023 1484 2064 1522 et
2086 1480 2195 1522 sicut

242 1575 370 1618 rivuli
410 1576 671 1617 descendunt
703 1575 754 1616 de
790 1575 898 1617 vado
934 1579 975 1617 et
1006 1576 1058 1616 de
1079 1575 1199 1617 fonte
1229 1574 1408 1616 inferius
1438 1589 1571 1629 usque
1601 1575 1704 1615 dum
1734 1573 1863 1615 rivuli
1893 1572 2151 1615 conveniunt
2183 1606 2192 1615 .

243 1667 441 1709 videlicet
461 1669 596 1708 totam
616 1670 774 1708 terram
794 1681 876 1722 que
898 1666 1111 1708 clauditur
1131 1665 1242 1707 inter
1263 1665 1359 1707 illos
1379 1665 1485 1707 duos
1509 1664 1668 1706 rivulos
1689 1667 1732 1706 et
1762 1664 1998 1719 predictam
2019 1666 2196 1706 stratam

244 1758 289 1799 in
321 1761 432 1799 terra
462 1757 613 1799 arabili
644 1760 683 1798 et
714 1756 847 1812 pratis
878 1760 920 1799 et
951 1756 1115 1812 pascuis
1149 1790 1156 1797 .
1191 1756 1444 1798 donavimus
1474 1756 1533 1797 eis
1563 1755 1610 1797 in
1644 1758 1894 1810 perpetuam
1924 1754 2197 1797 elemosinam

245 1849 423 1892 liberam
454 1852 494 1891 et
526 1849 715 1904 quietam
746 1848 799 1889 ab
830 1848 946 1890 omni
978 1848 1149 1890 servitio
1181 1855 1222 1890 et
1254 1847 1430 1890 seculari
1461 1847 1679 1889 exactione
1724 1881 1732 1888 .
1777 1846 1885 1888 sicut
1915 1846 2200 1889 WILLELMUS

249 1957 384 1983 comes
416 1940 692 1983 GLOCESTRIE
724 1941 923 1982 concessit
946 1940 1075 1982 michi
1096 1941 1196 1981 dare
1212 1940 1400 1994 aliquam
1421 1943 1586 1994 partem
1607 1941 1716 1980 terre
1740 1952 1833 1979 mee
1856 1952 1932 1993 pro
1949 1937 2092 1979 anima
2107 1952 2201 1980 mea

250 2036 291 2075 et
324 2032 509 2074 maxime
545 2031 715 2074 ecclesie
748 2032 800 2073 de
836 2031 1041 2073 MARGAN
1079 2065 1086 2072 .
1124 2045 1199 2086 pro
1230 2030 1308 2072 hac
1329 2029 1558 2072 donatione
1579 2028 1708 2070 michi
1729 2031 1771 2070 et
1792 2028 1979 2071 Roossno
2000 2028 2088 2070 filio
2108 2042 2201 2071 meo

237 2124 311 2179 qui
336 2127 397 2165 est
420 2123 541 2165 heres
561 2137 681 2164 meus
703 2122 821 2164 dedit
843 2121 972 2164 abbas
994 2125 1079 2163 tres
1100 2136 1262 2163 marcas
1283 2125 1325 2163 et
1347 2120 1589 2162 dimidium.

311 2213 508 2256 Testibus
540 2248 548 2255 .
585 2212 817 2256 WALTERO
849 2212 1062 2254 LUVELLo
1101 2245 1109 2254 .
1154 2212 1363 2254 EINULFO
1406 2246 1413 2253 .
1459 2210 1704 2252 RODBERTO
1735 2210 1882 2252 clerico
1916 2244 1924 2253 .
1959 2210 2085 2252 HELI
2115 2210 2204 2253 filio

253 2306 452 2348 ARTHAN
496 2338 503 2346 .
548 2304 752 2346 R10AR1>0
793 2304 881 2345 filio
922 2303 1127 2345 ALBERTI
1173 2337 1180 2345 .
1225 2303 1430 2345 RICARDO
1470 2301 1615 2344 Simu<
1670 2334 1676 2342 .
1723 2300 1964 2343 GAUFRIDO
2010 2304 2150 2344 sutore
2191 2335 2199 2343 .

253 2396 473 2440 JOHANNE
515 2395 639 2450 nigro
679 2394 800 2437 fabro
844 2428 851 2436 .
897 2393 1084 2435 Roomzo
1126 2393 1258 2435 REGE
1302 2427 1311 2434 .
1349 2392 1588 2434 GAUFRIDO
1633 2390 1872 2433 POLLARDo
1915 2425 1922 2433 .
1968 2392 2204 2434 Gnmomo

255 2487 342 2529 filio
364 2485 844 2528 HUGONIS.G1RARDO
866 2485 952 2526 filio
976 2484 1187 2527 WLmucl
1223 2518 1230 2525 .
1266 2483 1522 2526 WILLELMO
1555 2482 1642 2523 filio
1674 2481 1886 2524 OSMUNDI
1919 2516 1927 2524 .
1962 2481 2205 2524 RoDRERTo

255 2582 395 2619 sutore
428 2611 436 2618 .
472 2575 729 2618 WILLELMO
750 2575 985 2631 pellipario.

315 2668 499 2710 Pointed
521 2667 616 2708 oval
639 2667 724 2708 seal
746 2682 791 2708 as
811 2665 1028 2708 described
1049 2665 1204 2708 before.

318 2759 611 2800 Endorsed—‘
627 2757 831 2799 Maxime.
841 2756 850 2774 '
