2425 3423
1968 284 2077 325 2321

1078 588 1250 631 MDOI.

185 695 543 743 QUITOLAIM
585 697 673 739 BY
719 695 1072 739 YTHENERD
1115 695 1250 738 AND
1288 695 1549 751 OTHERS,
1593 697 1741 741 soNs
1788 698 1866 741 OF
1911 698 2132 742 EYNON

330 787 415 829 AB
463 787 725 838 ROBERT,
772 786 848 829 ΤΟ
900 786 1177 829 MARGAM
1227 787 1457 839 ABBEY,
1505 788 1583 830 OF
1625 788 1755 831 THE
1808 788 2009 832 RIGHT
2054 789 2131 832 To

331 878 461 921 THE
505 878 681 922 LAND
725 878 803 921 OF
851 877 1228 921 ROSSOWLIN.

903 985 1134 1042 [MARGAM
1167 985 1424 1042 CHARTER]

368 1093 521 1136 GARTA
553 1093 785 1136 F1L10RUM
816 1094 979 1136 EYNON
1011 1108 1067 1135 AB
1102 1094 1287 1136 RoBERT
1318 1109 1375 1135 DE
1407 1108 1555 1136 TERRA
1586 1108 1644 1136 DE
1676 1095 1951 1138 Rossome.

242 1201 469 1244 Universis
492 1201 680 1244 CHRISTI
701 1201 897 1243 fidelibus
918 1202 972 1243 ad
997 1216 1101 1256 quos
1122 1216 1292 1256 presens
1323 1202 1526 1257 scriptum
1556 1203 1796 1257 pervenerit
1826 1202 2088 1245 YTHENERD
2121 1238 2129 1246 .

182 1291 434 1336 WAsstR
471 1325 479 1333 .
520 1291 549 1334 J
552 1305 734 1333 ORUARD
772 1324 781 1334 .
826 1290 955 1333 GRON
999 1325 1007 1333 .
1051 1290 1197 1333 ITHEL
1240 1325 1248 1334 .
1292 1291 1470 1333 YowAN
1512 1322 1521 1331 .
1556 1292 1635 1335 filii
1671 1293 1833 1335 EYNON
1864 1294 1917 1336 ab
1947 1294 2133 1336 ROBERT

183 1384 367 1425 salutem
391 1383 436 1424 in
460 1382 644 1424 domino.

241 1473 422 1517 Noverit
444 1473 699 1515 universitas
719 1476 859 1515 vestra
879 1474 994 1528 quod
1014 1488 1091 1515 nos
1112 1474 1326 1516 communi
1347 1475 1520 1517 consilio
1541 1479 1585 1518 et
1605 1490 1810 1517 consensu
1831 1475 2069 1518 remisimus
2090 1480 2132 1518 et

182 1565 351 1621 quitum
374 1564 651 1606 clamavimus
672 1566 715 1606 et
736 1563 1029 1620 abjuravimus
1050 1567 1092 1606 et
1121 1564 1200 1606 hac
1230 1567 1416 1620 presenti
1447 1569 1562 1608 carta
1592 1567 1935 1609 confirmavimus
1965 1567 2059 1610 Deo
2090 1572 2132 1610 et

178 1655 347 1697 ecclesie
368 1653 523 1696 Sancte
545 1654 704 1696 MARIE
726 1655 778 1696 de
809 1654 1014 1696 MARGAN
1046 1658 1088 1697 et
1118 1655 1335 1697 monachis
1365 1656 1523 1698 ibidem
1554 1656 1648 1699 Deo
1679 1658 1958 1700 servientibus
1989 1663 2127 1701 totum

177 1745 248 1801 jus
269 1751 311 1787 et
333 1745 535 1786 clamium
556 1746 670 1800 quod
694 1744 920 1787 habuimus
940 1748 982 1787 et
1004 1745 1249 1788 dicebamus
1269 1761 1344 1787 nos
1373 1746 1526 1788 habere
1547 1747 1594 1788 in
1614 1750 1726 1789 terra
1747 1749 1799 1790 de
1822 1747 2083 1791 Rossome
2119 1783 2127 1792 .

180 1837 246 1878 vel
281 1836 325 1877 in
363 1836 506 1891 aliquo
541 1836 623 1878 alio
660 1838 903 1877 tenemento
939 1836 993 1877 ad
1029 1836 1192 1877 dictum
1226 1837 1399 1878 domum
1434 1837 1675 1892 pertinente
1717 1873 1725 1881 .
1769 1839 1840 1881 Ita
1877 1841 1989 1895 quod
2026 1841 2129 1883 dicti

179 1927 376 1969 monachi
407 1927 595 1969 habeant
625 1930 667 1969 et
697 1929 872 1968 teneant
902 1927 1060 1968 dictam
1091 1930 1249 1969 terram
1280 1943 1375 1970 cum
1407 1928 1601 1971 omnibus
1630 1930 1900 1985 pertinentiis
1929 1931 2060 1973 libere
2084 1935 2128 1974 et

175 2019 318 2074 quiete
342 2053 350 2060 .
374 2018 482 2061 bene
513 2022 555 2060 et
586 2018 757 2074 pacifice
779 2033 854 2073 pro
884 2017 1006 2060 nobis
1036 2021 1078 2059 et
1109 2018 1305 2060 omnibus
1336 2019 1562 2061 heredibus
1591 2021 1746 2063 nostris
1775 2022 2091 2077 imperpetuum
2114 2056 2120 2065 .

178 2109 287 2151 sicut
310 2109 395 2150 ulla
418 2109 648 2150 elemosina
671 2141 678 2149 .
703 2109 769 2150 vel
790 2109 926 2150 ullum
948 2114 1241 2151 tenementum
1261 2109 1435 2152 liberius
1456 2114 1499 2153 et
1530 2111 1712 2166 quietius
1733 2112 1878 2155 haberi
1899 2120 2036 2169 potest
2058 2115 2124 2156 vel

176 2200 324 2242 teneri.
389 2200 448 2242 Et
471 2215 546 2241 nos
568 2204 608 2241 et
630 2200 804 2241 heredes
825 2199 958 2241 nostri
979 2200 1136 2241 dictam
1168 2201 1456 2243 remissionem
1487 2205 1529 2243 et
1560 2203 1722 2257 quitam
1755 2204 2051 2246 clamationem
2083 2208 2125 2247 et

174 2294 412 2346 presentem
437 2290 801 2332 confirmationem
822 2290 945 2331 dictis
965 2290 1183 2331 monachis
1204 2291 1573 2333 warantizabimus
1593 2297 1738 2335 contra
1764 2308 1908 2336 omnes
1929 2294 2122 2337 homines

174 2382 219 2423 in
241 2385 496 2436 perpetuum
519 2413 526 2421 .
551 2388 593 2422 et
615 2381 833 2423 sciendum
854 2381 967 2436 quod
989 2395 1064 2422 nos
1086 2381 1351 2423 affidavimus
1383 2385 1425 2423 et
1450 2397 1574 2438 super
1595 2387 1855 2426 sacrosancta
1877 2386 2046 2427 ecclesie
2068 2387 2121 2428 de

174 2473 376 2516 MARGAN
412 2473 651 2528 juravimus
685 2473 797 2527 quod
833 2474 976 2514 omnia
1010 2472 1085 2514 illa
1119 2472 1301 2514 fideliter
1333 2479 1373 2515 et
1411 2473 1500 2515 sine
1536 2475 1632 2516 dolo
1670 2509 1678 2516 .
1718 2479 1760 2517 et
1799 2477 1911 2518 malo
1942 2477 2117 2533 ingenio

171 2564 432 2606 servabimus
452 2563 497 2604 in
516 2566 769 2619 perpetuum
792 2596 800 2604 .
824 2566 867 2604 et
883 2569 930 2604 ut
943 2564 1146 2618 premissa
1162 2563 1376 2605 firmitatis
1391 2563 1520 2605 robur
1536 2565 1755 2620 optineant
1771 2566 1816 2607 in
1829 2571 2082 2623 perpetuum
2105 2603 2114 2611 .

171 2655 272 2710 quia
293 2655 435 2710 sigilla
455 2654 627 2710 propria
646 2669 732 2696 non
753 2653 981 2695 habuimus
999 2685 1008 2696 .
1029 2654 1170 2709 sigilla
1191 2654 1353 2696 domini
1375 2654 1539 2696 HELYE
1556 2654 1877 2699 LANDAVENSIS
1898 2659 2080 2715 episcopi
2104 2693 2112 2701 .

170 2745 367 2788 Howssm
412 2746 491 2787 filii
524 2745 791 2787 MAREDUTH
825 2778 832 2785 .
865 2744 894 2786 J
898 2758 1096 2786 OHANNIS
1131 2745 1170 2786 le
1207 2744 1294 2786 SOR
1326 2779 1334 2788 .
1360 2745 1607 2788 WILLELMI
1640 2747 1678 2788 le
1710 2747 1952 2791 FLAMANG’
1976 2783 1984 2791 .
2009 2750 2112 2792 Em:

168 2837 308 2880 clerici
328 2836 428 2879 huic
449 2837 604 2892 scripto
626 2840 727 2878 sunt
747 2836 953 2892 apposita.

228 2927 331 2970 Hiis
350 2926 542 2970 testibus,

368 3168 469 3204 12Q
