2425 3423
381 223 495 264 2124

323 444 486 472 annum
518 429 564 470 in
600 427 796 470 omnibus
826 425 1010 469 exitibus
1043 426 1157 468 ultra
1188 425 1368 481 reprisas
1403 440 1494 468 xm.
1526 428 1568 468 et
1599 425 1712 480 quod
1740 424 1927 480 predicta
1956 424 2194 480 messuagia
2225 439 2273 466 ac

325 524 463 563 cetera
489 520 692 575 premissa
713 518 855 560 omnia
876 517 1064 573 jacentia
1083 517 1195 558 infra
1225 516 1470 572 parochiam
1490 517 1543 558 de
1564 516 1741 558 00erss
1763 517 1965 556 tenentur
1986 514 2039 556 de
2060 513 2272 556 Romam

328 611 500 654 SmNEY
522 610 658 652 milite
680 612 729 651 ut
749 609 802 650 de
823 607 1013 650 manerio
1034 622 1109 650 suo
1130 608 1183 649 de
1206 606 1371 649 Corma
1392 607 1439 648 in
1459 606 1592 649 libero
1621 605 1809 660 soccagio
1831 604 2027 647 videlicet
2046 619 2122 661 per
2141 605 2277 647 fideli-

327 706 461 744 tatem
483 709 524 744 et
552 700 781 743 annualem
810 700 1028 742 redditum
1049 713 1109 741 vs.
1133 700 1252 740 111Jd.
1281 701 1323 740 et
1343 698 1488 740 valent
1508 712 1583 753 per
1611 711 1773 738 annum
1793 696 1839 737 in
1869 694 2066 738 omnibus
2094 695 2278 738 exitibus

331 793 445 835 ultra
484 792 664 848 reprisas
703 806 763 833 xs.
788 794 918 832 vind.
954 794 996 831 et
1027 790 1142 845 quod
1172 788 1363 844 predicta
1385 787 1624 843 messuagia
1655 802 1702 828 ac
1732 790 1870 828 cetera
1900 786 2102 842 premissa
2136 786 2280 828 omnia

325 884 513 938 jacentia
533 883 579 924 in
600 882 800 938 parochia
821 882 872 924 de
894 880 1203 922 NEWCASTELL
1224 884 1426 922 tenentur
1446 880 1498 921 de
1519 878 1685 934 prefato
1707 877 1920 920 Romano
1941 877 2124 919 SYDNEY
2143 877 2280 919 milite

330 978 380 1016 ut
400 975 452 1016 de
482 973 672 1016 manerio
694 987 768 1015 suo
791 973 844 1014 de
876 971 1185 1014 NEWCASTELL
1207 970 1253 1011 in
1274 969 1407 1012 libero
1438 969 1627 1025 soccagio
1649 969 1843 1010 videlicet
1864 983 1938 1023 per
1958 968 2209 1010 fidelitatem
2239 970 2281 1009 et

329 1065 558 1107 annualem
589 1063 806 1106 redditum
840 1077 922 1104 VJS.
961 1064 1092 1103 and.
1122 1065 1165 1102 et
1198 1060 1343 1102 valent
1362 1075 1437 1115 per
1467 1075 1629 1102 annum
1654 1059 1700 1101 in
1721 1058 1917 1101 omnibus
1952 1058 2135 1101 exitibus
2172 1058 2283 1100 ultra

328 1157 508 1212 reprisas
544 1170 606 1197 xs.
669 1154 730 1196 Et
769 1153 981 1209 juratores
1021 1151 1201 1208 predicti
1236 1151 1416 1193 ulterius
1451 1151 1600 1193 dicunt
1641 1151 1754 1206 quod
1794 1150 2009 1206 predictus
2048 1149 2077 1192 J
2080 1163 2282 1191 ENKINUS

329 1249 629 1292 TURBERVILL
651 1246 719 1288 die
740 1260 823 1301 quo
846 1244 953 1287 obiit
974 1243 1140 1286 seisitus
1156 1242 1242 1285 fuit
1262 1242 1308 1284 in
1330 1242 1541 1284 dominico
1563 1257 1638 1284 suo
1660 1245 1709 1283 ut
1730 1242 1782 1282 (16
1803 1241 1927 1283 feodo
1948 1242 2000 1282 de
2020 1249 2062 1283 et
2081 1241 2128 1283 in
2148 1240 2288 1283 tribus

326 1340 432 1382 acris
445 1343 568 1380 terrae
586 1351 683 1379 cum
696 1335 971 1392 pertinenciis
986 1334 1032 1375 in
1048 1333 1247 1389 parochia
1262 1333 1314 1375 de
1330 1332 1613 1375 LANGONOYD
1627 1333 1672 1374 iu
1690 1332 1894 1374 comitatu
1914 1331 2102 1387 predicto
2120 1331 2280 1374 vocatis

325 1431 454 1474 TYRE
486 1429 515 1473 J
519 1443 641 1471 EUAN
671 1442 724 1483 ap
757 1426 958 1468 MORGAN
981 1432 1023 1467 et
1054 1425 1167 1480 quod
1201 1424 1350 1466 eadem
1380 1424 1581 1478 premissa
1615 1426 1814 1465 tenentur
1844 1423 1896 1464 de
1927 1422 2094 1478 prefato
2125 1422 2281 1464 comite

323 1521 626 1564 PEMBROCHIE
648 1523 697 1561 ut
717 1520 771 1561 de
791 1517 980 1560 manerio
1012 1531 1087 1558 suo
1108 1516 1160 1557 de
1192 1514 1319 1557 TYRE
1342 1514 1532 1556 YARLLE
1554 1515 1599 1556 in
1621 1514 1811 1570 soccagio
1833 1513 2030 1555 videlicet
2051 1528 2126 1569 per
2146 1513 2284 1555 fideli-

323 1617 456 1657 tatem
478 1616 520 1655 et
553 1611 783 1654 annualem
803 1609 1021 1652 redditum
1058 1610 1126 1649 xri.
1151 1611 1193 1649 et
1214 1607 1360 1648 valent
1382 1621 1454 1661 per
1489 1621 1651 1647 annum
1673 1606 1717 1647 in
1740 1604 1937 1647 omnibus
1959 1605 2144 1647 exitibus
2167 1605 2285 1648 ultra

320 1706 502 1761 reprisas
524 1707 614 1746 de.
676 1702 736 1745 Et
758 1701 937 1744 ulterius
957 1700 1169 1756 juratores
1185 1699 1366 1755 predicti
1387 1699 1536 1740 dicunt
1556 1713 1681 1753 super
1695 1701 2004 1739 sacramentum
2025 1712 2149 1739 suum
2165 1698 2279 1753 quod

326 1797 543 1853 predictus
578 1795 607 1838 J
611 1809 812 1837 ENKINUS
845 1792 1145 1835 TURBEvaLL
1177 1806 1254 1832 nec
1285 1789 1439 1845 aliquis
1460 1789 1566 1831 alius
1587 1804 1664 1830 nec
1695 1788 1828 1843 aliqui
1860 1788 1934 1844 alij
1960 1789 2014 1829 ad
2036 1787 2130 1844 ejus
2160 1802 2285 1830 usum

325 1888 480 1930 habuit
522 1902 596 1929 seu
643 1885 784 1927 tenuit
825 1883 1068 1926 habuerunt
1108 1897 1181 1924 seu
1218 1885 1449 1924 tenuerunt
1490 1881 1633 1935 aliqua
1674 1880 1757 1921 alia
1799 1879 1885 1921 sive
1925 1879 2049 1935 plura
2097 1878 2288 1921 maneria

330 1978 571 2034 messuagia
609 1982 743 2019 terras
793 1978 1041 2018 tenementa
1083 1972 1274 2015 redditus
1325 1976 1400 2014 aut
1446 1971 1784 2013 hereditamenta
1829 1970 1874 2011 111
1920 1970 2033 2012 dicto
2081 1970 2288 2012 comitatu

333 2070 695 2113 GLAMORGANCIE
727 2067 774 2109 in
805 2066 1018 2108 dominico
1048 2064 1287 2106 revercione
1318 2066 1393 2105 aut
1413 2064 1459 2104 in
1480 2062 1652 2104 servicio
1684 2061 1796 2103 dioto
1818 2061 1887 2103 (116
1918 2075 2002 2116 quo
2033 2059 2143 2102 obiit
2174 2060 2289 2102 idem

335 2161 364 2204 J
368 2174 570 2202 ENKINUS
621 2159 676 2200 ad
721 2172 867 2200 eorum
927 2156 1142 2198 noticiam.
1234 2154 1290 2196 In
1341 2153 1464 2209 cujus
1514 2153 1574 2194 rei
1625 2152 1917 2194 testimonium
1967 2151 2066 2193 huic
2104 2150 2292 2206 presenti

335 2250 607 2307 inquisicioni
627 2250 849 2291 indentate
871 2253 960 2289 tam
992 2247 1150 2303 prefati
1172 2245 1401 2288 comissarii
1433 2259 1561 2299 quam
1593 2243 1772 2299 predicti
1802 2243 2013 2299 juratores
2043 2242 2184 2298 sigilla
2215 2256 2291 2284 sua

337 2344 629 2398 apposuerunt
649 2355 793 2382 mense
815 2339 883 2381 die
905 2342 948 2380 et
968 2353 1081 2380 anno
1104 2336 1356 2393 supradictis
1380 2336 1504 2377 1597.

1503 2426 1732 2468 Gnmmm
1776 2425 2031 2468 WILL1AMS.

1503 2517 1743 2559 Rogamus
1784 2516 1969 2558 BUTTON
2011 2519 2206 2558 escaetor.

1504 2607 1617 2649 111οΕ
1658 2606 1866 2649 ΚΝΑΡΡΕ.

1506 2699 1735 2742 GRIFFITH
1776 2698 1804 2742 J
1808 2712 1965 2740 OHNES.
