2425 3423
1909 279 2022 320 2393

129 486 361 528 seeundum
382 486 561 527 formam
581 485 815 540 predictam
848 518 856 526 .
889 483 945 526 In
966 483 1089 539 cujus
1114 484 1174 525 rei
1195 485 1488 527 testimonium
1509 485 1609 528 huie
1638 486 1823 542 presenti
1843 490 1955 529 carte
1985 501 2078 529 mee

131 576 322 632 sigillum
360 590 503 618 meum
535 576 711 631 apposui
759 610 767 618 .
815 574 901 617 His
940 574 1119 617 testibus
1161 609 1169 617 .
1212 575 1401 618 THOMAS
1441 591 1495 632 ap
1535 577 1563 619 J
1567 591 1661 619 oHN
1702 592 1756 633 ap
1796 577 1825 619 J
1828 592 1986 620 ENKYN
2026 579 2079 620 de

133 666 326 709 BRYGAN
356 681 560 722 generoso
594 700 602 708 .
638 666 793 708 JEUAN
826 681 879 721 ap
907 665 1168 707 LLEWELYN
1204 666 1358 708 DAvn)
1397 702 1404 709 .
1442 667 1629 709 ZORATH
1658 666 1758 710 DYo
1785 683 1840 724 ap
1873 668 2035 710 HOELL
2068 703 2076 711 .

133 757 277 800 Gwm
310 756 463 799 GUTTO
493 756 648 799 DAvn)
679 772 733 813 ap
763 757 972 799 RICHART
1004 790 1012 798 .
1047 756 1237 799 THOMAS
1268 772 1322 813 ap
1353 757 1544 801 THOMAS
1574 774 1628 814 ap
1658 758 1687 801 J
1691 773 1785 801 OHN
1819 792 1826 800 .
1860 762 1903 801 et
1933 759 2080 802 multis

133 848 244 906 alijs.

185 940 350 982 Datum
379 940 494 995 apud
525 937 807 981 LLANGONYD
841 972 848 980 .
881 938 1078 981 vicesimo
1108 943 1256 981 octavo
1286 939 1354 981 die
1384 940 1542 982 mensis
1562 939 1670 996 Maij
1696 955 1809 983 anno
1830 941 2079 984 duodecimo

127 1031 250 1087 regni
272 1030 405 1086 Regis
427 1029 631 1072 HEchr
653 1030 790 1072 octavi
810 1033 905 1086 post
925 1033 1216 1085 conquestum.

183 1122 319 1165 Small
339 1123 438 1174 seal,
459 1122 534 1164 red
556 1137 663 1173 wax,
686 1121 828 1164 initial
848 1122 994 1164 letters
1013 1121 1085 1164 W.
1111 1121 1160 1162 P,

352 1214 400 1249 (1)
426 1213 492 1249 Sic,
514 1213 580 1242 MS.
704 1214 752 1249 (2)
776 1212 928 1250 Quedem,
946 1213 1014 1242 MS.
1139 1214 1185 1250 (3)
1211 1213 1318 1242 Patris
1335 1214 1405 1251 inei,
1421 1213 1489 1244 MS.
1612 1216 1660 1250 (4)
1684 1215 1767 1252 Meo,
1783 1215 1850 1245 MS.

960 1385 1245 1429 MDOLVII.

120 1485 323 1530 LEASE
376 1486 462 1528 BY
514 1486 684 1529 JOHN
739 1485 1082 1539 GRUFFITH,
1134 1486 1353 1539 ABBOT,
1414 1487 1547 1530 AND
1601 1488 1732 1531 THE
1783 1488 2077 1533 OONVENT

269 1569 347 1611 OF
381 1569 660 1612 MARGAM
696 1569 771 1611 TO
807 1569 1064 1612 THOMAS
1099 1569 1180 1612 ΑΡ
1220 1570 1249 1613 J
1254 1570 1434 1613 EUAN
1477 1571 1644 1614 GOUZ
1684 1571 1763 1614 OF
1802 1571 1846 1614 A
1887 1572 2074 1616 ΤΕΝΕ-

269 1651 448 1694 ΜΕΝΤ
500 1652 582 1694 AT
633 1651 1238 1704 DYFRYN-FRODULL‚
1289 1652 1419 1695 THE
1466 1653 1800 1696 NEw-MILL
1842 1653 2073 1706 THERE,

263 1734 399 1777 AND
440 1734 570 1776 THE
616 1732 1103 1785 WATEROOURSE‚
1155 1734 1279 1777 FOR
1329 1735 1577 1778 NINETY
1627 1736 1848 1789 YEARS,
1899 1737 1981 1780 AT
2031 1739 2075 1780 A

262 1817 527 1860 YEARLY
570 1816 740 1860 RENT
783 1816 861 1859 OF
905 1816 1181 1860 TWENTY
1222 1817 1576 1861 SHILLINGS.

835 1924 1067 1981 [MARGAM
1101 1925 1359 1982 CHARTER]

1207 2017 1233 2057 6
1265 2015 1373 2058 DEc.
1440 2018 1492 2058 12
1525 2017 1649 2060 HEN.
1682 2017 1818 2061 VIII.
1884 2020 2009 2061 1520.

176 2124 272 2166 Hee
303 2124 535 2166 indentura
567 2124 682 2165 faeta
713 2124 827 2178 apud
847 2123 1049 2164 MORGAN
1084 2126 1201 2165 sexto
1242 2123 1311 2165 die
1347 2123 1595 2166 Decembris
1627 2140 1740 2168 anno
1772 2127 1897 2182 regni
1936 2127 2070 2183 Regis

118 2215 323 2257 Hnmum
346 2215 483 2257 octavi
504 2215 752 2257 duodecimo
773 2214 886 2256 inter
906 2214 936 2257 J
938 2228 1163 2256 OHANNEM
1185 2213 1427 2256 GRUFFITH
1451 2214 1649 2258 abbatem
1669 2218 1917 2273 monasterij
1942 2217 2064 2261 beate

117 2306 277 2348 MARIE
298 2306 478 2362 virginis
498 2307 551 2347 de
571 2305 772 2347 MORGAN
795 2308 837 2347 et
859 2305 1051 2361 ejusdem
1081 2305 1163 2346 loci
1190 2309 1446 2348 conventum
1467 2321 1518 2347 ex
1540 2321 1626 2348 una
1645 2311 1765 2362 parte
1786 2312 1830 2350 et
1859 2308 2064 2351 THOMAM

117 2413 171 2453 ap
192 2397 221 2440 J
224 2411 347 2439 EUAN
370 2396 494 2439 Gouz
514 2411 567 2438 ex
583 2400 704 2452 parte
719 2397 853 2438 altera
865 2398 1046 2438 testatur
1067 2397 1180 2451 quod
1199 2396 1379 2451 predicti
1399 2396 1529 2439 abbas
1549 2402 1592 2439 et
1611 2401 1843 2441 conventus
1870 2401 2063 2443 vnamini

112 2504 285 2531 assensu
315 2492 357 2530 et
386 2503 590 2530 consensu
620 2487 891 2529 tradiderunt
921 2490 1214 2530 concesserunt
1244 2490 1287 2529 et
1326 2488 1381 2529 ad
1411 2488 1578 2530 firmam
1608 2489 1862 2533 dimiserunt
1891 2491 2057 2546 prefato

115 2579 281 2621 THOME
309 2593 443 2621 vnum
467 2582 761 2620 tenementum
790 2582 900 2620 terre
930 2577 1133 2620 arabillis1
1163 2578 1277 2633 prati
1302 2578 1416 2620 bosci
1445 2582 1616 2634 pasture
1647 2582 1690 2621 et
1720 2581 1828 2622 vasti
1855 2596 1948 2624 sum
1974 2583 2060 2625 suis

110 2669 379 2726 pertinentiis
413 2669 558 2725 jacens
597 2670 711 2724 apud
751 2669 947 2711 DYFRYN
988 2668 1217 2711 FRODULL'
1260 2669 1368 2712 sieut
1407 2669 1567 2711 ibidem
1606 2670 1720 2726 jacet
1751 2687 1827 2727 per
1858 2673 2057 2729 antiquas

109 2764 243 2803 metas
273 2766 314 2802 et
342 2759 535 2802 boundas
564 2776 589 2802 a
619 2760 694 2801 diu
714 2760 891 2810 vsitatis‚
923 2775 1059 2815 nuper
1088 2760 1134 2801 in
1163 2760 1361 2802 manibus
1390 2759 1420 2802 J
1422 2774 1544 2802 EUAN
1577 2760 1700 2803 Gronz
1728 2777 1782 2819 ap
1812 2763 1842 2806 J
1846 2778 1966 2807 EUAN
1999 2781 2053 2822 ap

106 2852 256 2894 Moms
278 2885 286 2893 .
305 2851 370 2893 Ao
391 2852 562 2893 eooiam1
581 2851 852 2894 tradiderunt
867 2854 910 2894 et
925 2854 1219 2894 concesserunt
1235 2851 1401 2906 prefato
1417 2851 1584 2894 ΤΗΟΜΕ
1605 2868 1738 2895 vnum
1758 2855 2053 2899 molendinum

105 2943 373 2999 granatieum
403 2957 499 2984 eum
529 2958 652 2984 eursu
688 2958 796 2998 aque
827 2946 869 2985 et
903 2943 1002 2999 alijs
1036 2943 1296 2985 aisiamentis
1326 2947 1368 2985 et
1397 2944 1593 2998 proficuis
1634 2945 1772 2987 eidem
1807 2947 2051 2990 molendino

105 3033 429 3090 pertinentibus,
483 3035 595 3089 quod
652 3035 824 3090 quidem
876 3034 1171 3077 molendinum
1220 3037 1395 3077 vocatur
1442 3034 1708 3077 NEW-MILL
1747 3070 1755 3078 .
1790 3036 2053 3081 Habendum

311 3174 397 3208 122
