2425 3423
1893 217 2004 259 2369

884 590 1298 635 MDCXXXVIII.

115 699 271 742 SAFE
313 699 604 743 OONDUOT
652 698 952 742 GRANTED
1003 698 1090 741 BY
1139 699 1302 742 KING
1351 700 1632 745 EDWARD
1673 700 1753 752 11„
1804 699 1878 742 ΤΟ
1930 698 2061 742 THE

259 790 466 834 ABBOT
503 790 580 834 OF
620 789 842 834 NEATH
881 789 1016 833 AND
1051 789 1311 844 OTHERS,
1346 791 1543 835 GOING
1578 791 1653 834 ΤΟ
1689 790 2062 835 INTERVIEW

261 881 482 928 QUEEN
521 879 835 924 ISABELLA
875 879 960 922 ΟΝ
1002 879 1132 922 THE
1173 880 1381 924 KING’S
1422 881 1695 925 BEHALF.

590 988 721 1044 [PAT.
757 987 865 1030 Rorr.
926 988 980 1029 20
1014 986 1142 1029 Enw.
1176 987 1240 1030 II.
1304 988 1493 1031 MEMBR.
1527 988 1590 1045 6.]

1258 1080 1310 1120 10
1343 1079 1456 1122 Nov.
1517 1080 1573 1121 20
1596 1079 1812 1122 Enw,11.
1877 1080 2002 1122 1326.

173 1187 269 1229 Rex
290 1186 486 1230 omnibus
506 1186 676 1229 ballivis
697 1189 740 1228 et
761 1186 956 1229 fidelibus
977 1186 1062 1228 suis
1082 1187 1136 1228 ad
1158 1201 1275 1242 quos,
1297 1189 1391 1238 eto„
1413 1187 1606 1229 salutem.

174 1278 283 1321 Cum
304 1277 526 1319 mittamus
546 1277 750 1320 dilectum
771 1277 892 1320 nobis
912 1277 957 1319 in
981 1277 1176 1319 Cnmsvro
1197 1266 1395 1320 abbatem
1416 1279 1468 1320 de
1489 1278 1659 1321 NEETH
1685 1313 1693 1320 .
1728 1283 1770 1321 et
1800 1279 2003 1321 dilectum
2025 1282 2067 1321 et

114 1369 282 1411 fidelem
304 1372 498 1410 nostrum
522 1367 682 1410 RESUM
704 1383 758 1424 ap
781 1367 1010 1411 GRIFFITH
1034 1402 1042 1410 .
1067 1367 1344 1410 EDWARDUM
1366 1370 1418 1411 de
1440 1369 1571 1411 BonN
1604 1373 1802 1425 nepotem
1832 1373 2024 1412 nostrum
2058 1404 2066 1411 .

111 1447 358 1501 OLIVERmu
387 1459 439 1500 de
471 1458 788 1500 BURDEGALA.
819 1463 862 1501 et
888 1458 1146 1500 JOHANNEM
1178 1460 1230 1502 de
1263 1459 1464 1502 HARsnz’
1503 1462 1558 1502 ad
1590 1460 1850 1502 ISABELLAM
1875 1460 2070 1517 reginam

111 1549 308 1592 ANGHAE
350 1551 585 1591 consortem
625 1552 815 1591 nostram
856 1550 1115 1592 carissimam
1157 1585 1164 1593 .
1208 1554 1250 1593 et
1286 1550 1562 1593 EDWARDUM
1591 1552 1728 1594 filium
1760 1556 1953 1595 nostrum
1983 1552 2068 1608 pri-

111 1639 379 1696 mogenitum
411 1672 419 1681 .
453 1654 500 1681 ac
531 1640 736 1694 quosdam
768 1640 873 1682 alios
904 1641 949 1682 in
981 1656 1126 1683 eorum
1168 1641 1368 1683 comitiva
1408 1641 1636 1698 existentes
1669 1677 1677 1684 .
1711 1658 1788 1698 pro
1819 1642 2075 1698 quibusdam

111 1731 296 1787 negotiis
338 1746 413 1773 nos
453 1734 496 1772 et
535 1745 719 1786 regnum
760 1735 953 1773 nostrum
994 1732 1230 1786 specialiter
1276 1732 1555 1787 tangentibus
1596 1767 1603 1774 .
1649 1733 1919 1788 Suscepimus
1959 1733 2072 1788 ipsos

114 1821 312 1864 abbatem
336 1855 344 1863 .
368 1821 531 1863 RESUM
556 1854 564 1862 .
589 1821 865 1863 EDWARDUM
888 1823 939 1864 de
963 1822 1094 1864 BonN
1119 1856 1126 1863 .
1151 1822 1397 1865 OLIVERUM
1420 1827 1462 1865 et
1479 1823 1508 1866 J
1511 1838 1735 1865 OHANNEM
1760 1859 1768 1866 .
1792 1824 1836 1865 in
1860 1825 2000 1866 eundo
2016 1824 2072 1865 ad

107 1915 220 1968 ipsos
240 1913 435 1969 reginam
456 1912 594 1954 filium
615 1918 657 1954 et
678 1913 783 1954 alios
804 1916 846 1954 et
867 1914 921 1954 ad
943 1929 1019 1955 nos
1040 1914 1257 1956 redeundo
1282 1949 1289 1956 .
1316 1915 1360 1956 in
1385 1915 1691 1969 protectionem
1712 1918 1754 1958 et
1777 1915 2069 1959 defensionem

102 2008 296 2047 nostrum
328 2038 335 2046 .
371 2019 536 2046 necnon
571 2004 617 2045 in
654 2004 820 2046 salvum
855 2006 1113 2046 conductum
1148 2011 1342 2047 nostrum
1385 2040 1392 2047 .
1436 2006 1496 2048 Et
1533 2006 1629 2048 ideo
1667 2006 1783 2048 vobis
1815 2008 2069 2050 mandamus

107 2097 221 2151 quod
250 2096 407 2138 eisdem
436 2094 581 2137 abbati
614 2128 622 2136 .
657 2095 776 2137 Rssso
805 2129 813 2137 .
849 2095 1083 2137 EDWARDO
1113 2097 1165 2138 de
1194 2095 1326 2138 BOUN
1356 2131 1363 2138 .
1401 2096 1606 2139 OLIVERO
1639 2102 1680 2140 et
1714 2097 1743 2140 J
1747 2112 1925 2139 OHANNI
1954 2132 1962 2140 .
1993 2114 2066 2140 seu

106 2185 350 2228 hominibus
370 2185 456 2227 suis
476 2185 522 2227 in
543 2187 683 2228 eundo
704 2201 778 2228 seu
805 2187 1023 2228 redeundo
1046 2220 1053 2228 .
1079 2187 1186 2229 sicut
1213 2188 1466 2243 praedictum
1487 2193 1550 2230 est
1582 2222 1590 2229 .
1623 2204 1710 2231 non
1740 2189 1934 2231 inferatis
1955 2204 2028 2231 seu
2051 2224 2058 2232 .

105 2280 314 2332 quantum
334 2276 379 2318 in
401 2276 519 2318 vobis
539 2281 602 2318 est
625 2309 633 2318 .
657 2276 711 2319 ab
733 2277 828 2318 aliis
848 2277 999 2319 inferri
1021 2278 1279 2333 permittatis
1294 2278 1513 2334 injuriam,
1536 2279 1787 2331 molestiam,
1809 2280 2058 2335 dampnum,

104 2367 461 2423 impedimentum
497 2367 670 2422 aliquod
706 2401 713 2410 .
750 2383 824 2410 seu
852 2383 1098 2424 gravamen,
1126 2372 1189 2410 set
1217 2369 1276 2411 eis
1306 2369 1448 2425 potius
1474 2370 1638 2412 salvum
1667 2373 1709 2411 et
1735 2384 1926 2412 securum
1958 2385 2054 2412 con-

102 2459 279 2500 ductum
300 2458 386 2500 suis
421 2457 659 2513 sumptibus
690 2458 844 2501 habere
877 2459 1042 2501 faciatis
1073 2493 1080 2501 .
1116 2475 1212 2501 cum
1233 2475 1307 2515 per
1331 2460 1443 2515 ipsos
1464 2476 1537 2503 seu
1558 2476 1704 2503 eorum
1724 2461 1909 2516 aliquem
1929 2476 2055 2517 super

104 2548 182 2591 hoc
203 2564 255 2591 ex
275 2551 395 2604 parte
415 2552 560 2591 nostra
579 2548 749 2590 fueritis
769 2550 975 2604 requisiti.

161 2639 216 2681 In
237 2639 373 2695 cujus,
394 2642 488 2691 etc.,
509 2655 642 2694 usque
664 2640 718 2681 ad
738 2640 896 2682 festum
918 2640 1091 2682 Natalis
1111 2640 1289 2682 Domini
1310 2641 1501 2697 proximo
1522 2641 1718 2684 futurum
1738 2643 1973 2685 duraturas.

160 2728 285 2772 Teste
307 2729 428 2785 Rege
449 2731 563 2785 apud
584 2729 754 2771 NEETH
776 2762 786 2772 .
811 2730 973 2772 decimo
995 2730 1063 2771 die
1084 2730 1352 2772 Novembris.

469 2819 542 2851 (See
558 2819 688 2856 ijmer,
704 2819 848 2856 Foedera,
866 2819 922 2848 Ed.
940 2819 1066 2857 Hague,
1086 2821 1169 2857 1739,
1186 2827 1264 2849 tom.
1280 2820 1336 2857 11,
1352 2824 1401 2858 pt.
1416 2822 1443 2858 2,
1459 2830 1488 2858 p.
1507 2822 1572 2858 170,
1586 2822 1646 2851 col⁴
1662 2824 1704 2859 1.)

304 3105 409 3139 l2w
