2425 3423
362 231 476 274 2378

301 438 441 494 clamij
466 438 671 482 habemus
697 439 743 481 in
770 440 928 482 eisdem
955 456 1030 483 seu
1054 442 1107 484 de
1138 443 1352 499 aliquibus
1376 445 1613 487 redditibus
1638 460 1686 488 ac
1712 446 1969 489 secularibus
1994 447 2182 503 servicijs
2209 452 2252 489 et

302 528 523 570 demandis
543 530 596 571 de
617 530 739 572 terris
763 533 806 572 et
832 532 1086 574 tenementis
1110 533 1319 577 dictorum
1344 535 1510 578 abbatis
1538 541 1581 578 et
1608 541 1840 579 conventus
1867 537 1981 579 infra
2011 537 2250 580 dominium

301 618 661 662 GLAMORGANCIE
682 621 1030 676 provenientibus
1051 624 1225 666 omnino
1246 639 1321 680 pro
1350 626 1472 669 nobis
1504 630 1547 669 et
1571 626 1797 669 heredibus
1818 628 1972 670 nostris
1991 628 2248 670 remittimus

301 711 541 752 relaxamus
575 714 618 753 et
650 712 844 766 quietum
877 712 1108 755 clamamus
1144 714 1301 758 eisdem
1334 716 1478 759 abbati
1513 722 1554 759 et
1582 718 1809 759 conventui
1841 733 1888 760 ac
1920 734 2065 760 eorum
2092 733 2249 761 succes-

302 800 464 844 soribus
491 802 536 843 in
561 805 814 857 perpetuum
842 817 917 858 per
940 807 1156 858 presentes
1187 805 1249 847 ita
1279 808 1393 862 quod
1421 823 1498 850 nec
1525 823 1601 850 nos
1629 823 1707 850 nec
1731 808 1905 850 heredes
1929 808 2063 851 nostri
2087 808 2250 864 aliquid

299 892 409 948 juris
430 893 496 934 vel
516 892 657 948 clamij
681 893 727 934 in
748 893 872 935 dictis
903 908 1045 936 annuo
1069 895 1240 938 redditu
1265 901 1307 939 et
1340 897 1440 953 alijs
1467 898 1723 941 secularibus
1743 899 1933 955 servicijs
1958 902 2001 942 et
2028 899 2250 942 domandis

300 985 353 1027 de
373 983 598 1041 pre[dictis
618 984 791 1041 abbate]
817 988 860 1027 et
880 989 1091 1028 conventu
1112 987 1178 1028 vel
1198 1001 1344 1030 eorum
1377 988 1680 1031 successoribus
1717 989 1885 1045 exigere
1920 993 1994 1031 aut
2026 989 2249 1032 vendicare

299 1075 531 1131 poterimus
564 1075 838 1131 quovismodo
867 1076 913 1118 in
938 1076 1136 1118 futurum
1169 1079 1242 1120 sed
1266 1078 1320 1120 ab
1353 1080 1469 1121 omni
1500 1080 1666 1122 accione
1702 1081 1806 1122 reali
1831 1083 1873 1123 et
1900 1080 2112 1137 personali
2145 1095 2250 1136 quas

299 1181 442 1209 versus
461 1166 670 1222 predictos
691 1166 889 1209 abbatem
910 1171 953 1210 et
974 1172 1230 1210 conventum
1251 1184 1324 1211 seu
1345 1169 1390 1211 in
1413 1185 1558 1212 eorum
1589 1172 1843 1213 tenementis
1871 1170 2075 1213 habemus
2107 1186 2251 1214 sumus

299 1258 457 1301 exclusi
497 1257 542 1299 in
582 1261 835 1313 perpetuum
878 1292 886 1300 .
925 1258 980 1300 In
1010 1259 1077 1315 cuj
1085 1274 1133 1301 us
1165 1259 1226 1301 rei
1250 1261 1541 1303 testimonium
1568 1261 1666 1304 huic
1698 1263 1882 1318 presenti
1919 1264 2073 1318 scripto
2108 1262 2250 1318 sigilla

300 1353 443 1392 nostra
463 1349 748 1405 apposuimus.

355 1441 462 1498 Hijs
486 1441 665 1484 testibus
701 1476 709 1483 .
744 1441 916 1484 domino
952 1441 1218 1484 LAURENCIO
1255 1442 1518 1485 BERCROLEs
1552 1444 1689 1486 milite
1724 1478 1732 1486 .
1771 1443 1938 1486 ΤΗΟΜΑ
1975 1443 2246 1486 TURBVILE.

295 1532 514 1575 JOHANNE
537 1532 762 1575 BAUDRIP'
787 1567 794 1575 .
819 1532 1039 1575 JOHANNE
1064 1532 1221 1575 DENYs
1245 1567 1252 1575 .
1277 1533 1497 1576 JOHANNE
1520 1534 1705 1577 ROBERT
1727 1539 1769 1577 et
1790 1535 1900 1590 alijs.

354 1625 463 1666 Oval
484 1624 569 1667 seal
595 1624 656 1679 (of
677 1624 896 1678 Isabella)‚
919 1625 994 1667 red
1015 1639 1108 1666 wax
1127 1641 1136 1676 ;
1168 1640 1193 1666 a
1214 1625 1378 1680 pelican
1402 1626 1447 1667 in
1469 1626 1545 1667 her
1567 1626 1698 1681 piety.

941 1720 950 1737 ‘
976 1723 1017 1764 -4-
1046 1731 1133 1758 va
1157 1750 1165 1758 .
1190 1731 1435 1759 PELICANVS
1461 1751 1469 1760 .
1494 1716 1600 1759 DEL'

357 1816 407 1845 Sir
424 1816 587 1845 Laurence
603 1815 768 1844 Bercrolcs
783 1824 895 1844 occurs
912 1816 943 1844 in
961 1816 1015 1844 the
1032 1816 1150 1844 middle
1165 1816 1197 1844 of
1215 1816 1268 1845 the
1286 1817 1360 1845 14tvh
1376 1820 1521 1855 century.
1563 1816 1621 1846 See
1639 1816 1697 1845 No.
1714 1815 1918 1844 MXXXIH.

1134 2006 1411 2049 MDOXLV.

297 2130 511 2174 GRANT
572 2129 658 2173 BY
718 2130 973 2174 THOMAS
1035 2131 1256 2183 LOVEL,
1318 2130 1434 2173 SON
1503 2130 1580 2173 OF
1649 2130 1818 2173 JOHN
1890 2128 2110 2181 LOVEL,
2171 2127 2248 2170 ΤΟ

443 2230 699 2273 THOMAS
750 2231 835 2273 DE
886 2231 1222 2274 SOMERTON
1273 2231 1351 2273 OF
1404 2230 1533 2272 THE
1583 2229 1790 2272 LANDS
1838 2229 1915 2272 OF
1956 2228 2249 2272 WILLIAM

443 2329 708 2372 BURDON
764 2330 836 2373 IN
885 2330 1162 2374 NEWTON
1222 2329 1552 2374 NOTASOHE
1616 2329 1750 2374 AND
1812 2326 2248 2371 TWENTY-TWO

445 2430 648 2473 PENOE
689 2430 985 2472 PAYABLE
1028 2431 1113 2473 BY
1155 2430 1379 2473 NEATH
1419 2429 1647 2480 ABBEY,
1691 2429 1796 2471 Ere.

623 2554 792 2611 [ARcH.
826 2555 1015 2606 GAMBR„
1047 2555 1165 2598 NEw
1199 2555 1301 2598 SER.
1335 2554 1415 2606 IL,
1448 2553 1557 2597 VOL.
1592 2553 1689 2604 IV„
1722 2568 1759 2596 P.
1795 2552 1914 2609 176.]

1391 2663 1444 2703 16
1475 2661 1597 2703 ΜΑΥ.
1660 2661 1714 2702 25
1746 2660 1875 2702 Enw.
1908 2659 2000 2701 HI.
2066 2660 2189 2701 1351.

361 2804 507 2847 Sciant
538 2807 752 2859 presentes
779 2809 821 2847 et
851 2803 987 2845 futuri
1016 2805 1130 2858 quod
1157 2818 1236 2859 ego
1261 2803 1451 2845 THoMAs
1476 2802 1633 2844 Lovm,
1659 2801 1772 2843 filius
1802 2804 1845 2843 et
1873 2801 1992 2843 heres
2017 2800 2047 2843 J
2050 2813 2250 2842 OHANNIS

302 2895 458 2938 LovEL
510 2895 609 2936 dedi
660 2896 843 2937 concessi
890 2898 932 2936 et
986 2894 1065 2937 hac
1119 2894 1304 2949 presenti
1357 2897 1472 2935 carta
1518 2907 1613 2934 mea
1664 2892 1910 2934 confirmavi
1966 2891 2145 2934 THOMAE
2197 2892 2250 2933 de

304 2985 544 3028 SOMERTON
594 2985 737 3027 omnia
791 2988 924 3027 terras
968 2990 1011 3028 et
1057 2988 1300 3027 tenementa
1339 2999 1434 3039 quae
1467 2983 1598 3025 habui
1639 2984 1691 3025 de
1741 2984 1852 3025 dono
1896 2987 1939 3025 et
1987 2982 2251 3024 concessione
