2425 3423
298 247 412 289 2284

1071 449 1351 492 MDLXIII.

238 566 691 610 NOTIFIOATION
761 566 843 609 ΟΒ
922 564 1339 608 OERTIFIOATE
1411 564 1488 606 OF
1569 564 1850 616 MORGAN,
1922 565 2038 608 SON
2108 565 2185 608 OF

380 665 638 718 ORADOO,
701 665 777 708 ΤΟ
839 665 969 707 ΤΗΕ
1032 663 1408 708 OISTEROIAN
1465 663 1679 706 ORDER
1745 663 1918 706 THAT
1977 664 2186 707 AFTER

379 765 711 809 GRANTING
750 765 826 808 To
868 764 1144 807 MARGAM
1186 763 1403 806 ABBEY
1455 763 1720 806 OOMMON
1763 763 1841 805 OF
1899 762 2185 806 PASTURE

376 866 454 908 OF
496 865 620 908 ALL
660 865 766 908 HIS
811 865 983 908 LAND
1026 864 1110 907 ON
1161 863 1292 907 THE
1336 863 1492 906 EAST
1535 862 1701 905 PART
1745 862 1823 904 OF
1855 861 2049 914 NETH,
2091 862 2182 905 HE

375 964 679 1008 GRANTED
731 964 806 1008 TO
849 964 980 1006 ΤΗΕ
1023 963 1239 1007 MONKS
1292 963 1369 1005 OF
1411 962 1635 1005 NEATH
1678 961 1966 1005 PASTURE
2018 962 2096 1004 OF
2144 963 2188 1005 A

374 1064 653 1107 GERTAIN
690 1063 856 1107 PART
891 1063 969 1106 OF
1006 1063 1113 1106 HIS
1147 1062 1324 1106 LAND
1359 1061 1481 1105 FOR
1516 1061 1655 1105 TWO
1688 1060 1894 1104 YEARs
1932 1061 2185 1105 PARTLY

374 1163 672 1207 EXPIRED.

947 1253 1178 1310 [MARGAM
1212 1252 1471 1309 CHARTER.]

287 1364 514 1406 Universis
551 1364 734 1406 dominis
775 1367 815 1405 et
847 1361 1038 1418 patribus
1073 1361 1299 1404 abbatibus
1329 1368 1369 1403 et
1401 1361 1619 1403 monachis
1650 1361 1982 1404 CISTERCIENSIS
2014 1362 2187 1405 Ordinis

228 1456 281 1497 ad
304 1470 407 1510 quos
437 1459 653 1512 presentes
682 1455 824 1497 littere
846 1454 1115 1509 pervenerint
1138 1453 1394 1495 MoRGAmsss
1415 1452 1528 1494 filius
1549 1452 1745 1494 CRADOCI
1768 1454 1959 1495 salutem.

288 1545 577 1588 Universitati
599 1550 733 1587 vestre
755 1548 904 1588 notum
925 1543 1036 1586 facio
1060 1578 1068 1586 .
1092 1545 1206 1599 quod
1238 1558 1334 1585 cum
1363 1558 1415 1585 ex
1445 1543 1581 1585 multo
1611 1543 1702 1598 jam
1732 1544 1975 1599 precedenti
1996 1549 2185 1600 tempore

230 1637 420 1679 dederim
452 1640 494 1679 et
526 1637 800 1679 concesserim
831 1640 958 1691 atque
990 1638 1104 1676 carta
1142 1650 1236 1676 mea
1275 1634 1614 1676 confirmaverim
1645 1634 1863 1676 monachis
1898 1636 1951 1676 de
1983 1635 2188 1677 MARGAN

224 1743 493 1770 communem
523 1731 741 1783 pasturam
771 1727 902 1769 totius
933 1730 1042 1768 terre
1089 1741 1183 1768 mee
1216 1741 1267 1767 ex
1299 1725 1536 1767 ESTPAR'IE
1568 1725 1620 1767 de
1650 1724 1803 1775 Nmn,
1835 1726 2016 1768 concessi
2046 1729 2192 1782 postea

225 1818 444 1861 monachis
485 1819 538 1860 de
579 1817 717 1860 NETH
759 1822 807 1859 ut
839 1818 884 1859 in
925 1822 1101 1872 pastura
1147 1817 1372 1871 cujusdam
1415 1816 1547 1872 partis
1579 1820 1687 1858 terre
1717 1831 1809 1858 mee
1838 1831 1934 1858 cum
1974 1816 2191 1860 monachis

226 1909 587 1951 communicarent
629 1923 704 1963 per
740 1909 845 1950 duos
881 1922 1013 1950 annos
1046 1907 1345 1949 tantummodo
1379 1941 1386 1948 .
1422 1905 1509 1952 Qui
1547 1906 1632 1947 duo
1677 1906 1792 1957 anni,
1834 1909 1929 1961 post
1961 1906 2189 1950 imminens

226 2000 383 2042 festum
407 2000 551 2042 Sancti
575 1999 833 2041 MmHAELIs
857 2032 864 2040 .
889 1999 943 2040 ad
974 1998 1215 2053 proximum
1248 1998 1442 2053 ejusdem
1472 1996 1631 2038 festum
1663 1996 1859 2039 futurum
1880 1996 2185 2053 implebuntur.

226 2091 377 2146 Hujus
408 2090 699 2133 conventionis
730 2094 857 2132 testes
889 2089 1028 2131 adhuc
1059 2094 1284 2144 supersunt
1317 2088 1390 2143 qui
1421 2088 1559 2129 eidem
1591 2087 1902 2139 interfuerunt,
1924 2089 1998 2143 qui
2029 2090 2187 2144 optime

228 2183 365 2224 sciunt
399 2216 406 2223 .
441 2196 569 2237 quam
612 2196 708 2223 vera
749 2186 812 2223 est
848 2181 924 2222 hec
964 2180 1137 2222 assertio
1179 2194 1285 2221 mea.
1370 2178 1588 2221 Noveritis
1623 2178 1768 2233 itaque
1809 2193 1884 2234 pro
1925 2186 2036 2222 certo
2075 2182 2188 2236 quod

228 2272 424 2314 monaehi
446 2273 498 2314 de
520 2271 658 2314 NETH
689 2286 911 2327 nunquam
941 2276 1041 2313 ante
1071 2271 1180 2312 hanc
1211 2270 1541 2312 conventionem
1572 2269 1724 2312 horum
1745 2270 1925 2312 duorum
1947 2286 2155 2314 annorum
2178 2306 2186 2314 .

229 2364 418 2418 aliquam
449 2363 771 2404 conventionem
802 2363 1033 2417 aliquando
1065 2376 1230 2404 mecum
1261 2361 1455 2403 fecerunt
1486 2361 1538 2402 de
1569 2366 1743 2416 pastura
1772 2361 1860 2411 illa,
1893 2377 1969 2403 nec
1999 2363 2186 2418 aliquam

231 2458 391 2496 cartam
426 2454 478 2495 de
514 2468 581 2494 me
621 2468 812 2508 unquam
842 2452 1084 2495 habuerunt
1123 2487 1130 2493 .
1171 2457 1232 2494 set
1270 2467 1347 2493 nec
1383 2454 1601 2506 pasturam
1637 2452 1773 2506 ipsam
1808 2452 2187 2508 frequentaverunt

228 2559 418 2599 unquam
445 2545 490 2586 in
519 2544 667 2585 diebus
698 2544 802 2585 meis
833 2547 931 2586 ante
962 2544 1071 2585 hanc
1105 2542 1428 2585 conventionem
1459 2542 1571 2584 inter
1599 2557 1666 2584 me
1687 2546 1729 2584 et
1753 2542 1849 2584 illos
1878 2542 2047 2586 factam.
2110 2544 2183 2587 Ad

230 2634 309 2677 hoc
331 2636 460 2677 etiam
481 2649 556 2690 pro
584 2639 696 2676 certo
726 2634 961 2677 noveritis.
985 2635 1098 2689 quod
1130 2633 1327 2676 monachi
1358 2634 1410 2675 de
1441 2632 1580 2674 ΝΕΤΗ
1612 2632 1776 2674 nullam
1807 2636 1966 2676 cartam
1996 2650 2185 2690 unquam

231 2725 474 2767 habuerunt
502 2726 554 2766 de
583 2729 703 2780 patre
740 2740 832 2767 meo
866 2757 874 2766 .
907 2739 984 2767 nec
1014 2725 1060 2766 in
1089 2724 1238 2766 diebus
1270 2724 1404 2779 patris
1435 2723 1517 2764 mei
1551 2727 1768 2778 pasturam
1801 2724 1920 2765 illam
1957 2725 2186 2780 aliquando

231 2817 609 2870 frequentaverunt
644 2849 652 2856 .
687 2815 785 2857 Hoc
822 2815 1113 2858 testimonium
1144 2814 1334 2856 veritatis
1364 2813 1482 2855 vobis
1512 2813 1710 2855 intimare
1741 2813 1857 2854 volui
1889 2847 1896 2855 .
1938 2818 1987 2856 ut
2018 2817 2187 2871 cognita

235 2906 413 2947 veritate
447 2906 614 2960 possitis
650 2906 833 2948 securius
869 2920 1012 2948 veram
1046 2906 1233 2961 proferre
1269 2904 1524 2946 sententiam
1555 2918 1681 2958 super
1714 2905 1991 2947 ventilatione
2021 2911 2184 2948 contro-

232 2997 365 3038 versie
389 3028 398 3037 .
422 3011 503 3051 que
524 2997 576 3037 de
598 3000 770 3051 pastura
791 2997 939 3039 eadem
967 2996 1148 3038 vertitur
1177 2995 1289 3037 inter
1309 2994 1536 3037 monachos
1566 2994 1617 3036 de
1647 2993 1786 3036 NETH
1808 3000 1847 3036 et
1880 2997 2106 3040 monachos
2136 2999 2188 3040 de
