2425 3423
2003 208 2116 249 2103

220 415 460 458 manerium
479 415 718 471 predictum
737 428 834 457 oum
854 413 1128 470 pertinenciis
1147 413 1412 456 reddidimus
1432 413 1767 470 fidelitatemque
1788 414 1920 470 ipsius
1950 413 2175 457 EDWARm

221 506 300 549 filii
319 505 441 549 nobis
460 506 507 548 in
536 506 615 548 hac
644 508 764 562 parte
795 504 991 547 similiter
1019 503 1208 547 debitam
1239 504 1428 560 cepimus
1460 538 1468 546 .
1502 503 1602 547 Tibi
1621 504 1757 561 igitur
1776 505 2032 561 precipimus
2061 506 2176 561 quod

221 600 392 654 accepta
421 597 645 640 securitate
676 611 701 639 a
732 596 899 653 prefato
929 595 1165 637 EDWARDO
1194 595 1247 637 de
1276 594 1522 638 rationabili
1550 595 1707 638 relevio
1728 610 1803 639 suo
1833 595 1955 639 nobis
1984 596 2185 639 solvendo

220 689 275 730 ad
296 687 549 731 scaccarium
568 689 762 730 nostrum
787 687 925 730 eidem
946 686 1182 728 EDWARDO
1210 686 1298 729 filio
1319 687 1372 729 de
1400 686 1549 729 eodem
1569 687 1758 729 manerio
1780 701 1877 729 cum
1905 687 2180 743 pertinenciis

221 794 303 835 que
317 781 407 821 tam
427 793 501 834 per
521 783 701 821 mortem
721 778 877 834 prefati
898 777 1124 820 EDWARDI
1145 778 1278 833 patris
1298 781 1422 834 capta
1442 778 1620 821 fuerunt
1639 778 1684 820 in
1706 793 1859 821 manus
1878 782 2042 822 nostras
2063 795 2110 822 ac
2130 779 2176 821 in

221 870 419 912 manibus
447 869 602 912 nostris
622 869 760 911 adhuc
780 869 971 912 existunt
991 869 1026 911 si
1047 884 1096 911 ea
1116 869 1330 912 occasione
1351 871 1394 911 et
1415 883 1502 911 non
1523 869 1607 911 alia
1627 869 1672 910 in
1704 884 1836 911 manu
1865 872 2010 912 nostra
2040 869 2178 912 adhuc

223 960 410 1003 existant
425 974 611 1002 unacum
627 959 812 1002 exitibus
828 962 870 1002 et
890 960 1087 1016 proficuis
1106 960 1207 1002 inde
1228 975 1254 1002 a
1274 959 1387 1002 dicto
1408 964 1598 1015 tempore
1611 960 1760 1002 mortis
1780 960 1937 1016 prefati
1953 959 2179 1002 EDWARDI

221 1050 354 1106 patris
368 1050 585 1106 hucusque
605 1050 812 1106 perceptis
831 1050 1003 1106 plenam
1019 1050 1217 1093 seisinam
1233 1050 1322 1092 sine
1343 1050 1549 1092 dilatione
1564 1050 1714 1094 haberi
1729 1050 1893 1093 faciatis
1943 1050 2069 1093 Salvo
2084 1050 2181 1106 jure

222 1140 464 1196 cujuslibet.
526 1140 652 1183 Teste
672 1156 740 1183 me
761 1142 853 1196 ipsa
873 1142 988 1197 apud
1010 1140 1475 1184 WESTMONASTERIUM
1495 1149 1663 1183 xxva
1695 1141 1764 1184 die
1792 1141 2048 1184 Novembris
2069 1156 2182 1184 anno

227 1232 350 1288 regni
371 1231 505 1274 nostri
526 1231 729 1274 vicesimo
750 1232 891 1274 tercio.
1771 1233 1865 1276 ΗΑ.
1899 1232 2121 1275 CORDELL.

287 1322 370 1364 Per
390 1322 539 1365 billam
561 1322 674 1364 curie
695 1323 935 1365 wardorum
957 1325 1034 1365 etc.

285 1412 421 1456 Small
442 1415 659 1470 fragment
680 1413 726 1455 of
754 1413 828 1456 the
849 1417 972 1470 great
991 1415 1078 1456 seal
1098 1414 1144 1456 in
1166 1414 1295 1457 white
1316 1429 1424 1457 wax.

283 1505 579 1548 Endorsed—‘
594 1504 856 1547 Irrotulatur
895 1520 1036 1548 coram
1085 1506 1279 1549 auditore
1318 1507 1558 1549 wardorum
1589 1509 1632 1548 et
1666 1505 1973 1549 liberacionum
2014 1507 2186 1550 domine

228 1596 524 1638 ELIZABETHE
556 1595 726 1652 Regine
756 1596 893 1651 primo
923 1596 992 1639 die
1022 1596 1269 1639 Decembris
1299 1612 1413 1639 anno
1443 1597 1567 1654 regni
1598 1597 1793 1653 ejusdem
1823 1598 1994 1640 domine
2016 1598 2186 1654 Regino

229 1702 344 1729 nunc
365 1687 545 1728 xx111¹³i⁰³

284 1769 573 1812 Examinatur
592 1784 668 1825 per
688 1769 989 1813 WILLELMUM
1021 1769 1177 1812 ΤΟΟΚΕ
1199 1770 1449 1813 auditorem.

283 1861 339 1903 In
370 1876 395 1903 a
425 1861 533 1903 later
563 1860 841 1903 hand—‘230
878 1860 986 1903 Eliz.
1063 1861 1138 1904 An
1167 1861 1422 1917 inquisicion
1443 1861 1538 1904 that
1568 1862 1758 1904 Edward
1788 1861 2036 1919 Stradlinge
2067 1866 2183 1919 gent.

222 1954 309 1995 late
346 1952 392 1994 of
433 1951 679 2007 Llantwytt
698 1951 799 1994 held
820 1951 893 1993 the
914 1966 1064 1994 manor
1084 1952 1129 1994 of
1156 1951 1281 1995 West
1316 1952 1563 2008 Llantwytt
1594 1953 1640 1995 in
1671 1953 1809 2009 capite
1839 1953 1944 1996 alias
1976 1953 2188 1997 Abbottes

227 2043 504 2098 Llantwytt.'

281 2127 337 2170 In
353 2142 378 2169 a
393 2126 482 2170 still
493 2126 602 2169 later
616 2126 805 2168 hand—⁴
815 2127 859 2168 A
872 2127 1063 2182 generall
1079 2127 1256 2182 lyverye
1271 2127 1338 2169 for
1352 2127 1542 2171 Edward
1557 2127 1820 2184 Stradlynge
1835 2131 1952 2183 gent.
1968 2127 2185 2183 Hawley.'

1035 2317 1405 2363 MGOGOLXIV.

222 2407 544 2452 ABSTRAOT
594 2408 673 2451 OF
723 2410 768 2452 A
818 2408 1243 2453 OONVEYANGE
1294 2410 1382 2453 BY
1432 2409 1727 2454 WILLIAM
1782 2409 2051 2453 MORGAN
2104 2411 2182 2453 OF

369 2490 615 2533 HOUSES
665 2491 738 2535 IN
780 2491 1160 2536 GOWBRIDGE
1206 2492 1283 2535 ΤΟ
1325 2492 1636 2536 GRIFFITH
1678 2491 2003 2536 WILLIAMs
2046 2493 2180 2536 AND

370 2573 400 2617 J
402 2572 570 2616 AMES
610 2573 693 2616 AP
735 2573 1040 2618 WILLIAM.

1076 2665 1151 2722 [Gr.
1175 2665 1228 2709 G.
1252 2665 1327 2723 F.]

1443 2741 1499 2783 28
1535 2740 1654 2783 Ano.
1717 2741 1774 2782 24
1806 2739 1932 2782 ΕΗΖ.
1996 2741 2118 2782 1582.

279 2828 354 2871 An
392 2829 618 2871 indentur-e
657 2829 713 2871 28
749 2829 868 2885 Aug.
910 2830 967 2871 24
1008 2830 1273 2874 ELIZABETH
1313 2831 1502 2874 between
1543 2831 1604 2887 (l)
1639 2831 1861 2875 WILLrAM
1897 2830 2097 2874 MORGAN
2134 2834 2180 2876 of

218 2920 492 2963 OowssRmGE
514 2933 696 2973 yeoman
728 2919 788 2975 (2)
814 2919 1084 2963 GRYFFITHE
1114 2921 1359 2966 WILLtAMs
1392 2923 1478 2965 and
1497 2922 1528 2965 J
1530 2936 1648 2964 AMEs
1670 2937 1723 2978 ap
1745 2921 1971 2965 W1LL1AM
2006 2924 2171 2978 gentle-

223 3025 336 3052 man.
399 3008 620 3053 WILLIAM
651 3008 852 3051 Momm
875 3010 943 3052 for
968 3012 1128 3054 certain
1150 3027 1308 3068 money
1334 3013 1437 3069 paid
1466 3012 1526 3069 by
1556 3012 1787 3055 GRIFFITH
1819 3011 2062 3055 WILLIAMS
2092 3015 2178 3057 and
