2425 3423
336 269 450 311 2336

335 476 379 518 N
382 476 556 519 overitis
575 490 653 518 nos
673 475 838 517 dedisse
862 478 905 517 et
927 476 1176 518 concessisse
1207 481 1250 518 et
1281 476 1360 519 hac
1390 479 1506 518 carta
1535 481 1680 518 nostra
1711 476 1976 519 confirmasse
1997 491 2073 533 pro
2095 477 2231 520 salute

272 566 413 609 anime
433 569 576 608 nostre
597 569 640 608 et
660 569 971 609 antecessorum
992 569 1035 608 et
1055 582 1338 609 successorum
1367 571 1608 609 nostrorum
1639 567 1685 608 in
1717 582 1869 622 puram
1901 570 1944 609 et
1973 572 2224 624 perpetuam

270 657 544 699 elemosinam
564 657 658 699 Deo
679 660 722 699 et
752 657 921 699 ecclesie
951 656 1074 699 beate
1104 657 1263 699 MAmE
1294 659 1346 700 de
1376 658 1582 700 MARGAN
1614 661 1657 700 et
1687 656 1905 699 monachis
1935 656 2094 700 ibidem
2125 657 2220 700 Deo

270 747 551 790 servientibus
570 762 724 790 novem
745 762 860 790 acras
880 751 991 790 terre
1012 747 1066 790 ab
1086 749 1293 791 occidenti
1315 750 1368 791 de
1388 747 1736 790 LAGHELESTON'
1770 781 1778 789 .
1811 748 1925 790 inter
1952 747 2219 790 LAGHELES-

269 837 369 880 TON'
392 841 435 880 et
464 837 716 880 Pmsmu
739 872 747 881 .
771 838 832 881 Et
861 843 946 881 tres
976 854 1092 881 acras
1121 842 1231 881 terre
1261 839 1315 881 ab
1346 839 1522 881 australi
1551 842 1671 894 parte
1702 839 1896 895 ejusdem
1926 839 2178 882 ans'rRA'r
2211 872 2220 882 .

268 928 330 971 Et
362 932 545 984 quatuor
580 943 695 971 acras
730 931 840 971 terre
876 930 931 971 ad
964 929 1208 985 aquilonem
1241 930 1293 971 de
1326 929 1487 971 ΒΟΤΜΕ
1525 963 1533 971 .
1572 929 1633 971 Et
1666 933 1823 972 terram
1858 944 1941 984 que
1977 930 2219 986 appellatur

265 1018 553 1061 HOREGROVE
588 1053 596 1061 .
630 1019 691 1061 Et
720 1023 854 1062 terras
884 1020 980 1062 illas
1009 1035 1092 1076 que
1121 1020 1265 1076 jacent
1294 1021 1340 1062 in
1363 1020 1678 1062 ROFLESLAND’
1702 1021 1814 1063 inter
1835 1025 1967 1063 terras
1989 1036 2094 1076 quas
2118 1024 2218 1063 ante

263 1110 460 1154 dedimus
480 1111 659 1167 prefatis
678 1110 896 1153 monachis
917 1114 959 1153 et
978 1112 1154 1153 reddere
1175 1111 1297 1153 nobis
1319 1111 1510 1153 solebant
1531 1111 1755 1153 annuatim
1784 1111 1965 1166 triginta
1987 1111 2182 1153 denarios
2205 1144 2214 1152 .

262 1203 421 1245 scilicet
452 1203 596 1245 decem
624 1207 668 1244 et
695 1206 788 1245 octo
819 1217 935 1244 acras
962 1206 1072 1244 terre
1114 1236 1122 1244 .
1167 1202 1226 1243 Et
1256 1206 1390 1244 terras
1417 1217 1499 1258 que
1529 1202 1673 1258 jacent
1703 1202 1830 1257 juxta
1862 1201 2100 1244 CATTEPUT
2132 1217 2215 1258 que

257 1294 434 1336 reddere
465 1292 587 1335 nobis
617 1292 810 1336 solebant
840 1293 1064 1335 annuatim
1095 1293 1276 1349 triginta
1307 1293 1501 1335 denarios
1534 1326 1542 1334 .
1576 1298 1617 1335 et
1647 1293 1791 1349 jacent
1822 1293 1933 1334 inter
1956 1293 2060 1335 alias
2082 1296 2216 1336 terras

261 1383 565 1426 monachorum
608 1417 615 1425 .
667 1383 727 1426 Et
778 1388 912 1426 terras
962 1399 1087 1440 super
1136 1383 1465 1427 CORNELISDON'
1515 1399 1597 1439 que
1638 1385 1812 1426 reddere
1853 1383 1975 1425 nobis
2025 1383 2218 1427 solebant

261 1475 486 1517 annuatim
519 1475 807 1532 quadraginta
839 1475 1028 1531 quinque
1063 1475 1287 1517 denarios.
1312 1478 1355 1516 et
1389 1475 1533 1530 jacent
1565 1475 1677 1516 inter
1711 1479 1844 1516 terras
1872 1474 2180 1517 monachorum
2203 1507 2212 1517 .

261 1566 322 1608 Et
343 1582 416 1608 sex
437 1581 553 1608 acras
573 1571 682 1608 terre
704 1581 786 1622 que
806 1567 952 1622 jacent
971 1567 1084 1609 inter
1104 1571 1261 1609 terram
1284 1566 1508 1610 WALTERI
1530 1566 1778 1608 LAGHELES
1807 1571 1849 1608 et
1882 1565 2071 1608 GchEM
2108 1600 2116 1608 .
2151 1565 2216 1608 Et

262 1661 422 1712 septem
464 1672 580 1699 acras
620 1661 730 1699 terre
770 1658 822 1699 de
864 1657 1118 1700 GRETHILL'
1161 1672 1264 1713 quas
1305 1657 1500 1699 monachi
1540 1661 1640 1699 ante
1680 1660 1912 1700 tenuerunt
1951 1672 2028 1713 pro
2068 1658 2214 1700 decem

259 1748 453 1790 denarios
475 1751 515 1790 et
538 1748 660 1791 obolo
684 1782 691 1790 .
715 1747 775 1790 Et
796 1763 956 1791 moram
979 1765 1060 1804 que
1074 1750 1314 1804 appellatur
1332 1749 1521 1791 Rmzmzs
1537 1749 1591 1790 ad
1611 1749 1855 1803 aquilonem
1871 1752 1981 1790 terre
1998 1747 2213 1791 Hmoms

259 1840 312 1881 de
338 1839 606 1881 HEREFORD’
641 1874 649 1882 .
683 1840 743 1882 Et
773 1843 931 1882 terram
952 1855 1034 1896 que
1054 1840 1167 1896 jacet
1189 1841 1243 1881 ad
1265 1840 1505 1895 aquilonem
1537 1839 1729 1895 ejusdem
1761 1853 1875 1881 more
1906 1838 2018 1880 inter
2049 1841 2207 1881 terram

261 1929 448 1973 STURMY
471 1934 513 1973 et
533 1931 662 1973 aliam
690 1934 848 1974 terram
879 1932 1166 1987 predictorum
1196 1932 1500 1974 monachorum
1530 1931 1582 1972 de
1614 1930 1819 1972 MARGAN
1851 1945 1985 1985 usque
2015 1931 2071 1972 ad
2100 1930 2214 1972 viam

259 2021 386 2078 juxta
408 2020 644 2064 CATTEPUT
666 2037 747 2078 que
768 2023 887 2064 vadit
907 2023 962 2064 ad
983 2022 1201 2064 MARGAN.
1264 2022 1360 2064 Has
1381 2036 1526 2064 omnes
1546 2021 1756 2077 predictas
1786 2025 1919 2062 terras
1949 2021 1996 2062 in
2019 2019 2217 2064 omnibus

258 2113 359 2155 locis
379 2116 421 2155 et
441 2112 566 2156 rebus
587 2113 782 2156 dedimus
802 2114 980 2169 prefatis
1000 2114 1216 2155 monachis
1237 2117 1284 2155 ut
1306 2129 1375 2155 eas
1396 2113 1581 2154 habeant
1603 2115 1644 2154 et
1666 2115 1842 2153 teneant
1857 2112 2028 2166 pacifice
2041 2112 2218 2169 integre

259 2204 389 2247 libere
410 2208 452 2247 et
473 2205 701 2247 honorifice
723 2206 830 2248 sicut
851 2206 940 2247 ulla
961 2206 1190 2247 elemosina
1210 2205 1384 2247 liberius
1412 2204 1558 2246 haberi
1580 2212 1622 2245 et
1643 2203 1777 2245 teneri
1808 2205 1958 2258 potest.
2025 2203 2086 2245 Et
2107 2203 2215 2246 hanc

261 2295 535 2338 donationem
556 2311 632 2338 nos
653 2300 696 2338 et
717 2296 891 2338 heredes
911 2297 1045 2338 nostri
1065 2297 1124 2338 eis
1146 2295 1515 2338 warantizabimus
1536 2295 1582 2336 in
1603 2298 1870 2350 perpetuum.

319 2387 422 2428 Hiis
443 2386 621 2429 testibus
645 2421 652 2429 .
681 2386 938 2429 VVILLELMO
959 2389 1010 2429 de
1033 2387 1287 2429 PRATELms
1311 2421 1318 2428 .
1350 2386 1378 2428 J
1382 2400 1517 2428 AGOBO
1549 2387 1600 2427 de
1631 2384 1874 2427 VAtJssAnu'
1904 2418 1912 2427 .
1938 2384 2132 2427 THOMAS
2161 2385 2215 2427 de

264 2477 518 2520 GRAVENEL
543 2510 551 2519 .
577 2477 764 2519 Roomzo
785 2479 837 2519 de
859 2478 1012 2521 Omma
1036 2512 1044 2520 .
1069 2478 1268 2522 WIDONE
1291 2478 1343 2519 de
1373 2475 1587 2519 MERLAU’
1613 2509 1620 2517 .
1645 2475 1884 2518 NICHOLAO
1907 2510 1914 2518 .
1944 2479 2047 2518 tunc
2077 2475 2216 2531 priore

263 2570 315 2611 de
336 2569 541 2611 MARGAN
565 2602 574 2611 .
598 2568 800 2611 HUGONE
822 2570 875 2611 de
896 2569 1204 2612 BODEKISHAM
1229 2603 1236 2611 .
1261 2568 1429 2611 ΤΗΟΜΑ
1451 2567 1602 2609 PIRUN
1626 2600 1635 2608 .
1659 2571 1701 2608 et
1722 2567 1870 2608 multis
1891 2566 1998 2609 aliis.

322 2660 431 2703 Fine
453 2660 693 2716 equestrian
714 2661 799 2703 seal
820 2661 866 2704 of
887 2661 959 2703 the
980 2661 1098 2713 Earl,
1120 2661 1343 2717 appended
1367 2660 1423 2714 by
1442 2658 1596 2713 yellow
1617 2658 1703 2700 and
1725 2657 1904 2700 crimson
1928 2657 2010 2699 silk
2030 2658 2210 2700 strands.

321 2751 545 2794 Endorsed
566 2756 609 2793 at
631 2752 799 2794 various
821 2752 1016 2794 times—‘
1035 2751 1164 2794 Carta
1186 2750 1410 2794 Grilleberti
1440 2750 1492 2791 de
1519 2748 1643 2791 Clare
1675 2782 1681 2791 .
1718 2748 1883 2791 comitis
1907 2747 2171 2791 Gloucestrie
2204 2782 2212 2791 .

260 2844 313 2884 de
333 2846 446 2885 terra
466 2843 518 2884 de
540 2842 786 2897 Horegrofe
809 2876 817 2884 .
840 2846 883 2885 et
904 2844 957 2885 de
978 2843 1073 2885 aliis
1093 2843 1216 2885 terris
1237 2857 1341 2897 quas
1362 2840 1483 2883 nobis
1513 2839 1632 2881 dedit
1653 2855 1778 2896 super
1800 2838 1985 2895 Oornely
2006 2840 2042 2882 is
2064 2841 2212 2882 downe

265 2933 378 2975 inter
398 2936 531 2975 terras
551 2935 728 2985 nostram,
752 2938 792 2975 et
815 2936 948 2975 terras
967 2933 1094 2989 juxta
1115 2931 1328 2988 Catsspittss

322 3022 442 3078 Very
464 3023 547 3065 fine
569 3024 837 3066 ornamental
857 3024 1044 3079 writing.
