2425 3423
1924 292 2036 332 2389

989 496 1246 541 MDOLIV.

145 611 345 655 LEASE
387 612 510 656 FOR
551 613 742 656 SIXTY
782 612 988 655 YEARS
1030 611 1117 655 BY
1157 613 1374 665 DAVID,
1426 613 1634 656 ABBOT
1683 614 1761 656 OF
1798 614 2089 665 MARGAM,

291 703 366 746 TO
426 704 753 756 GWLADUS,
814 703 1173 747 DAUGHTER
1231 704 1309 746 OF
1358 704 1571 748 JEUAN
1621 705 1704 748 AP
1754 705 1957 750 DAVID
2008 706 2091 748 ΑΡ

289 794 566 846 JANKYN,
628 795 707 837 OF
755 795 886 838 THE
947 794 1309 838 REVERSION
1367 796 1446 838 OF
1499 795 1630 839 THE
1691 796 1952 840 GRANGE
2011 796 2090 840 OF

290 885 729 939 WHITE-GROSS‚
750 886 962 929 AFTER
988 886 1271 930 DEOEASE
1298 886 1376 929 OF
1404 887 1789 931 KATHERINE
1814 888 2089 940 NERBER,

289 976 372 1020 AT
393 977 437 1020 A
464 977 727 1021 YEARLY
753 977 923 1021 RENT
945 977 1024 1020 OF
1043 977 1735 1022 TWELVE-AND-A-HALF
1764 978 2090 1022 ORANNOOS

289 1068 367 1110 OF
420 1068 703 1121 BARLEY3
770 1069 904 1112 AND
966 1069 1044 1112 OF
1093 1069 1137 1111 A
1196 1069 1546 1112 TENEMENT
1607 1070 1856 1113 OALLED
1919 1069 2090 1113 MAYS

289 1159 515 1202 MELYN
578 1160 712 1203 AND
773 1160 898 1204 GAY
954 1160 1179 1212 LLOYD,
1233 1161 1315 1203 AT
1380 1160 1485 1203 SIX
1550 1160 1891 1204 SHILLINGS
1957 1161 2092 1204 AND

289 1250 490 1293 EIGHT
532 1251 736 1294 PENOE
780 1252 963 1303 RENT,
1006 1252 1109 1294 Ere.

863 1367 1092 1424 [MARGAM
1125 1367 1382 1424 CHARTER]

1264 1470 1290 1508 4
1321 1467 1430 1509 FER.
1493 1469 1518 1508 8
1551 1467 1675 1509 HEN.
1708 1467 1844 1510 VIII.
1910 1469 2033 1510 1517.

199 1581 296 1624 Hec
316 1582 546 1624 indentura
568 1582 682 1624 facta
702 1583 814 1624 inter
836 1582 989 1624 DAvn)
1012 1582 1208 1624 abbatem
1229 1583 1474 1640 monasterij
1495 1583 1616 1626 beate
1633 1584 1794 1626 MARIE
1813 1586 1865 1626 de
1888 1584 2093 1627 MARGAN

141 1676 184 1715 et
204 1673 242 1729 ej
252 1674 397 1716 usdem
417 1673 497 1715 loci
520 1676 753 1716 conventus
774 1689 825 1716 ex
858 1677 977 1730 parte
1007 1689 1091 1715 vna
1113 1677 1154 1715 et
1181 1673 1495 1716 GWLADUSSAM
1527 1675 1637 1718 Verz
1667 1675 1697 1718 J
1701 1690 1823 1717 EUAN
1855 1691 1908 1731 ap
1939 1675 2094 1717 DAvm

141 1779 195 1820 ap
225 1764 255 1807 J
258 1779 415 1806 ANKYN
448 1781 499 1807 ex
531 1768 650 1820 parte
682 1765 815 1807 altera
846 1768 1026 1807 testatur
1057 1766 1170 1820 quod
1199 1765 1379 1820 predicti
1408 1765 1538 1808 abbas
1568 1769 1610 1808 et
1640 1772 1872 1809 conventus
1902 1767 2093 1809 vnanimi

142 1871 314 1898 assensu
336 1859 642 1907 concesserunt,
664 1856 948 1903 tradiderunt,
971 1860 1013 1898 et
1034 1857 1088 1898 ad
1109 1857 1276 1898 firmam
1307 1856 1561 1899 dimiserunt
1592 1857 1778 1911 predicte
1811 1857 2090 1900 GWLADUSSE

140 1946 367 1989 heredibus
388 1950 430 1989 et
451 1947 677 2002 assignatis
698 1948 784 1989 suis
805 1948 1087 1989 reversionem
1109 1949 1289 2004 grangie
1318 1963 1463 1990 eorum
1484 1952 1578 2003 post
1606 1949 1822 1990 decessum
1844 1948 2092 1990 KATERINE

141 2037 339 2081 NERBER
360 2042 505 2080 vocate
526 2039 566 2081 le
588 2038 760 2081 WHITE
785 2040 948 2081 OROSSE
971 2054 1067 2081 cum
1088 2039 1358 2093 pertinentiis
1379 2040 1464 2081 suis
1484 2055 1559 2094 per
1580 2055 1676 2081 suas
1706 2044 1842 2082 metas
1862 2044 1905 2082 et
1926 2040 2092 2082 bundas

140 2130 246 2172 sicut
281 2129 398 2184 prius
433 2130 475 2171 in
515 2129 712 2172 manibus
753 2130 862 2172 dicte
905 2129 1149 2172 KATERINE
1191 2129 1387 2171 NERBER
1429 2134 1469 2172 et
1509 2130 1653 2173 bunde
1693 2132 1804 2173 dicte
1845 2132 2025 2187 grangie
2065 2147 2089 2173 a

141 2225 383 2263 tenemento
407 2219 655 2263 WILLELMI
678 2236 731 2276 ap
754 2222 897 2262 OWEN
931 2236 983 2276 ap
1015 2221 1168 2263 JEUAN
1200 2236 1253 2276 ap
1285 2221 1447 2263 MAnoc
1479 2237 1621 2263 versus
1654 2222 1765 2263 Row
1797 2221 1973 2264 THERIS
2001 2228 2043 2264 et
2064 2238 2089 2264 a

139 2311 252 2354 Row
284 2311 470 2353 THERYS
502 2327 636 2366 usque
669 2313 723 2353 ad
756 2316 1049 2353 tenementum
1092 2312 1305 2354 GWLAms
1337 2327 1432 2353 verz
1469 2312 1622 2354 DAvn)
1659 2328 1712 2368 ap
1749 2312 1945 2354 YORATH
1986 2316 2029 2354 et
2064 2328 2088 2355 a

144 2400 432 2458 [tenemento]
458 2402 569 2444 dicte
593 2401 807 2444 GwLAms
829 2403 937 2445 sicut
957 2418 1067 2458 aqua
1083 2408 1230 2445 vocata
1247 2402 1428 2445 GwosSE
1445 2403 1662 2445 descendit
1679 2404 1734 2444 ad
1750 2403 1864 2445 viam
1884 2404 2087 2458 regalem,

138 2493 194 2533 ad
214 2496 389 2547 pontem
409 2492 581 2534 ibidem.
644 2492 704 2534 Et
725 2508 750 2534 a
771 2497 899 2548 ponte
922 2494 995 2534 illo
1017 2495 1071 2534 ad
1093 2494 1280 2548 lapidem
1302 2497 1484 2534 erectam
1516 2493 1560 2534 in
1593 2493 1701 2534 salso
1731 2508 1931 2545 maresco,
1962 2494 2090 2549 juxta

137 2598 293 2638 aquam
313 2587 505 2626 vocatam
529 2583 737 2626 RANETH.
801 2586 865 2626 Ac
887 2585 1018 2626 eciam
1040 2590 1332 2626 concesserunt
1353 2584 1538 2638 predicte
1561 2583 1839 2626 GWLADUSSE
1861 2583 2087 2626 heredibus

135 2678 176 2715 et
197 2674 424 2729 assignatis
445 2675 530 2716 suis
552 2690 684 2717 vnum
705 2679 998 2716 tenementum
1021 2679 1216 2716 vocatum
1237 2674 1368 2716 MAYs
1387 2674 1557 2716 MELYN
1583 2679 1624 2716 et
1647 2673 1741 2716 CAY
1772 2673 1927 2716 LLOYD
1949 2690 2085 2730 nuper

139 2766 186 2807 in
206 2765 403 2807 manibus
426 2765 638 2808 Hmoms
661 2781 714 2820 ap
735 2766 764 2808 J
767 2780 861 2807 OHN
884 2781 936 2821 ap
958 2765 987 2808 J
990 2780 1149 2807 ANKYN
1172 2769 1214 2808 et
1237 2766 1352 2819 prius
1373 2765 1417 2806 in
1438 2764 1636 2807 manibus
1666 2765 1696 2807 J
1700 2780 1821 2807 EUAN
1855 2780 1908 2820 ap
1930 2765 2085 2807 DAvm

138 2855 168 2898 J
171 2870 298 2898 ACKE.
380 2856 645 2898 Habendum
688 2864 729 2898 et
770 2858 1005 2899 tenendum
1045 2857 1277 2912 predictam
1323 2856 1603 2898 reversionem
1644 2857 1824 2912 grangie
1866 2872 1963 2898 cum
2003 2857 2089 2898 suis

137 2947 406 3001 pertinentiis
441 2950 482 2988 et
525 2947 762 3002 predictum
804 2952 1096 2990 tenementum
1136 2947 1267 2989 MAYs
1308 2947 1476 2989 MELYN
1518 2950 1560 2989 et
1601 2946 1695 2989 CAY
1735 2946 1881 2989 LLon)
1922 2947 2086 3002 prefate

137 3035 413 3078 GWLADUSSE
446 3037 673 3079 heredibus
704 3041 745 3079 et
781 3038 1006 3093 assignatis
1037 3038 1123 3080 suis
1163 3053 1188 3079 a
1229 3038 1296 3080 die
1337 3038 1611 3080 confectionis
1650 3038 1912 3093 presentium
1953 3053 2086 3092 usque
