2425 3423
1902 253 2013 294 2361

123 472 196 513 pre
218 458 413 500 manibus
434 491 442 500 .
469 457 564 514 Ego
586 473 682 501 vero
702 458 890 514 predicta
909 457 1170 515 AMAB[1L1A
1193 491 1201 500 .
1227 493 1235 501 .
1261 492 1270 502 .
1293 490 1306 503 .
1330 458 1349 515 ]
1374 459 1573 514 predictis
1596 459 1626 503 J
1628 474 1806 502 OHANNI
1833 463 1876 502 et
1902 459 2065 503 AL1CIE

131 548 254 591 uxori
275 563 347 591 sue
361 550 403 591 et
415 563 560 591 eorum
574 548 799 591 heredibus
820 563 892 591 seu
908 548 1135 605 assignatis
1146 549 1382 604 predictam
1398 565 1537 593 acram
1551 553 1697 593 contra
1713 565 1858 594 omnes
1877 551 2071 594 homines

129 644 171 681 et
201 638 408 696 fem[inas
440 655 512 695 per
541 638 799 696 predictum]
832 640 1048 682 redditum
1078 640 1446 683 warentizabimus
1475 641 1811 697 acquietabimus
1839 642 1996 698 ubique
2027 645 2070 684 et

132 730 409 773 defendemus
428 731 474 773 in
495 734 745 786 perpetuum
780 765 787 773 .
823 730 884 772 Et
915 731 1014 786 quia
1034 731 1128 772 volo
1150 731 1263 786 quod
1284 746 1379 773 mea
1398 731 1474 773 hec
1496 732 1672 774 donacio
1706 766 1714 774 .
1748 731 1980 789 conce[ssio
2002 731 2066 789 et]

130 821 335 876 presentis
370 824 482 864 carte
514 836 605 863 mee
641 821 904 863 confirmacio
944 821 1066 863 firma
1102 824 1156 863 sit
1191 825 1232 863 et
1275 821 1438 864 stabilis
1478 825 1521 864 et
1563 823 1652 864 sine
1691 823 1988 867 reclamatione
2023 824 2070 867 in

130 914 380 967 perpetuum
402 914 636 967 perseveret
656 914 893 967 presentem
914 911 1023 954 hanc
1044 915 1204 954 cartam
1225 911 1357 968 sigilli
1377 913 1459 954 mei
1482 912 1741 968 inpressione
1760 912 1966 956 roboravi.

191 1001 294 1044 Hiis
328 1001 506 1044 testibus
540 1036 548 1044 .
583 1002 738 1043 DAvm
774 1001 963 1043 BENEYT
998 1036 1005 1043 .
1042 1001 1275 1045 WALTERO
1308 1002 1491 1045 RonDoc
1527 1037 1536 1045 .
1576 1003 1834 1047 WILLELMo
1869 1004 2028 1048 Tamus
2062 1039 2071 1048 .

129 1093 158 1135 J
161 1106 348 1135 OHANNE
371 1091 473 1134 Gon
497 1126 504 1134 .
529 1091 742 1133 HENRmo
763 1091 949 1136 WILLoc
972 1126 981 1135 .
1007 1091 1263 1135 WILLELMO
1283 1092 1522 1135 AYLWARD
1545 1128 1553 1136 .
1579 1097 1621 1136 et
1643 1095 1789 1137 multis
1809 1096 1914 1138 aliis.

190 1175 348 1217 Round
370 1174 467 1226 scal,
490 1189 621 1230 green
641 1189 749 1225 wax,
772 1190 797 1216 a
816 1178 982 1217 rosette.

722 1248 781 1290 ‘s'
816 1282 824 1290 .
858 1262 1078 1290 AMABILIE
1111 1281 1120 1291 .
1153 1263 1208 1291 LE
1239 1249 1472 1293 MILLERD.'

830 1321 878 1358 cy:
901 1322 977 1351 Nos.
1000 1321 1175 1359 Decem„
1195 1322 1382 1353 DcocoH.

946 1495 1259 1538 MDCXXXI.

129 1584 358 1627 NOTICE
442 1584 520 1625 OF
596 1583 879 1627 EDWARD
951 1584 1016 1627 II.
1103 1585 1179 1628 ΤΟ
1251 1586 1358 1629 His
1431 1588 1643 1632 PARTY
1726 1591 1798 1634 IN
1868 1592 2077 1637 SOUTH

270 1674 490 1718 WALES
531 1674 607 1717 TO
648 1674 819 1718 LEVY
862 1675 999 1717 ΜΕΝ
1041 1675 1112 1718 IN
1155 1676 1350 1720 PARTS
1393 1678 1471 1721 OF
1513 1679 1908 1726 GLAMORGAN
1943 1684 2078 1727 AND

276 1764 658 1809 MONMOUTH.

645 1872 773 1929 [Pu.
798 1873 905 1916 Ror.
968 1875 1022 1915 20
1046 1874 1173 1918 Enw.
1197 1875 1262 1918 II.
1325 1876 1483 1920 ΜΕΜΒ.
1507 1877 1570 1935 7.]

1291 1967 1346 2008 27
1369 1967 1470 2012 OcT.
1534 1970 1590 2011 20
1613 1970 1740 2013 Enw.
1764 1971 1829 2014 Π.
1894 1974 2018 2017 1326.

539 2070 633 2112 PRO
665 2071 796 2112 REGE
828 2085 885 2112 DE
919 2071 1099 2114 PopULo
1131 2088 1178 2115 IN
1214 2074 1409 2117 WALLIA
1439 2075 1674 2119 LEVANDO.

184 2163 279 2206 Rex
312 2162 628 2205 vicecomitibus
663 2161 831 2204 ballivis
867 2163 1072 2205 ministris
1112 2168 1154 2206 et
1190 2165 1388 2208 omnibus
1427 2167 1623 2210 fidelibus
1662 2169 1747 2211 suis
1778 2171 1831 2212 de
1863 2172 1986 2214 terris
2023 2173 2076 2214 de

126 2254 333 2296 MAGHAY
354 2257 396 2295 et
420 2252 763 2296 WENTHLELOK'
791 2257 833 2295 et
862 2253 956 2296 aliis
985 2261 1074 2296 tam
1102 2255 1216 2296 infra
1241 2256 1458 2299 libertates
1479 2273 1608 2313 quam
1631 2263 1753 2301 extra
1773 2262 1827 2302 ad
1857 2276 1960 2317 quos
1984 2266 2077 2315 ete„

128 2345 320 2387 salutem.

182 2443 332 2486 Sciatis
353 2444 467 2498 quod.
484 2443 794 2499 assignavimus
819 2444 993 2487 dilectos
1018 2445 1140 2487 nobis
1172 2445 1351 2488 HOWEL
1379 2462 1432 2502 ap
1465 2447 1731 2492 YOREWARD
1763 2467 1817 2508 ap
1849 2452 2079 2498 GRIFFITH

124 2539 167 2576 et
198 2534 375 2576 HowEL
406 2549 460 2589 ap
493 2534 649 2576 DAvm
679 2534 945 2590 conjunctim
979 2539 1020 2577 et
1050 2535 1220 2578 divisim
1248 2538 1302 2578 ad
1328 2538 1561 2581 levandum
1594 2544 1636 2581 et
1668 2541 1800 2584 levari
1836 2543 2079 2589 faciendum

121 2629 260 2668 totum
290 2625 498 2680 populum
518 2625 570 2666 de
600 2625 723 2666 terris
751 2625 950 2680 predictis
975 2630 1121 2668 contra
1146 2627 1338 2670 inimicos
1369 2632 1411 2671 et
1445 2629 1622 2672 rebelles
1656 2637 1820 2676 nostros
1852 2650 1900 2678 ac
1931 2637 2080 2679 alieni-

122 2731 253 2772 genas
286 2716 360 2771 qui
392 2730 575 2771 regnum
602 2719 795 2758 nostrum
823 2716 1033 2759 hostiliter
1065 2722 1165 2759 sunt
1206 2718 1398 2774 ingressi,
1435 2723 1476 2762 et
1504 2722 1558 2763 ad
1590 2722 1702 2778 ipsos
1736 2729 2077 2782 prosequendum

120 2808 393 2849 arestandum
434 2807 703 2862 gravandum
743 2812 786 2848 et
828 2808 1134 2850 destruendum
1174 2808 1370 2851 omnibus
1410 2811 1490 2854 viis
1530 2815 1574 2854 et
1618 2815 1755 2857 modis
1793 2817 1947 2872 quibus
1986 2819 2077 2863 fore

123 2897 309 2939 viderint
328 2896 585 2948 faciendum,
608 2903 650 2938 et
670 2897 765 2939 ideo
787 2897 905 2940 vobis
927 2898 1124 2941 omnibus
1145 2902 1187 2941 et
1220 2900 1400 2956 singulis
1430 2901 1477 2943 in
1509 2903 1592 2945 fide
1620 2908 1662 2946 et
1688 2905 1899 2962 ligeancia
1926 2909 2080 2964 quibus

118 2987 238 3029 nobis
268 2987 474 3029 tenemini
505 2991 547 3029 et
579 2986 656 3029 sub
689 2987 963 3030 forisfactura
1007 2989 1199 3032 omnium
1238 3005 1334 3045 quae
1371 2992 1491 3035 nobis
1538 2993 1779 3038 forisfacere
1808 3000 2001 3053 poteritis
2034 3001 2080 3044 in

236 3126 278 3160 12
301 3133 327 3159 v
